Order ID,Order Date,Customer ID,Customer Name,City,State,Country,Product ID,Category,Sub-Category,Product Name,Sales,Quantity,Profit,Order Priority
IN-2012-44810,2/25/2012,BP-11230,Benjamin Patterson,Surat,Gujarat,India,FUR-CH-10001415,Furniture,Chairs,"Office Star Executive Leather Armchair, Red","? 1,878.72",4,? 582.36,Critical
IN-2014-37320,11/11/2014,BF-11005,Barry Franz,Gorakhpur,Haryana,India,TEC-PH-10003856,Technology,Phones,"Motorola Smart Phone, with Caller ID","? 4,518.78",7,? 632.52,High
IN-2014-76016,9/26/2014,VG-21805,Vivek Grady,Thiruvananthapuram,Kerala,India,FUR-BO-10004852,Furniture,Bookcases,"Sauder Classic Bookcase, Traditional","? 5,667.87",13,"? 2,097.03",Medium
IN-2014-35983,5/1/2014,SW-20275,Scott Williamson,Jamshedpur,Jharkhand,India,TEC-MA-10002680,Technology,Machines,"Konica Inkjet, White","? 2,174.13",7,? 500.01,Critical
IN-2012-66342,5/30/2012,SG-20470,Sheri Gordon,Bhopal,Madhya Pradesh,India,TEC-CO-10004997,Technology,Copiers,"Hewlett Wireless Fax, Color","? 1,526.52",4,? 732.72,Critical
IN-2012-48240,5/25/2012,GP-14740,Guy Phonely,Delhi,Delhi,India,FUR-TA-10000226,Furniture,Tables,"Chromcraft Conference Table, with Bottom Storage","? 1,745.34",2,? 226.86,Critical
IN-2014-11231,12/16/2014,CS-11845,Cari Sayre,Raipur,Uttarakhand,India,FUR-TA-10001205,Furniture,Tables,"Chromcraft Wood Table, Rectangular","? 1,920.36",4,? 652.92,Critical
IN-2011-46413,10/28/2011,RM-19375,Raymond Messe,Naihati,West Bengal,India,FUR-CH-10000602,Furniture,Chairs,"Novimex Executive Leather Armchair, Red","? 2,301.00",5,? 91.95,Critical
IN-2012-48240,5/25/2012,GP-14740,Guy Phonely,Delhi,Delhi,India,TEC-PH-10004664,Technology,Phones,"Nokia Smart Phone, with Caller ID","? 1,916.73",3,? 498.33,Critical
IN-2013-30663,11/25/2013,SV-20815,Stuart Van,Vadodara,Gujarat,India,TEC-CO-10004535,Technology,Copiers,"Hewlett Fax Machine, High-Speed","? 1,590.60",5,? 572.55,Critical
IN-2014-65488,7/17/2014,CP-12340,Christine Phan,Aurangabad,Bihar,India,OFF-AP-10002090,Office Supplies,Appliances,"Hamilton Beach Refrigerator, Red","? 4,001.04",8,"? 1,440.24",Medium
IN-2014-37320,11/11/2014,BF-11005,Barry Franz,Gorakhpur,Haryana,India,OFF-AP-10002244,Office Supplies,Appliances,"Breville Refrigerator, White","? 3,622.29",7,"? 1,267.77",High
IN-2014-68463,5/22/2014,DM-13345,Denise Monton,Bokaro,Jharkhand,India,OFF-ST-10004060,Office Supplies,Storage,"Fellowes Lockers, Blue","? 1,865.97",9,? 802.17,Critical
IN-2014-23761,6/2/2014,MH-18115,Mick Hernandez,Kozhikode,Kerala,India,FUR-BO-10000210,Furniture,Bookcases,"Ikea Library with Doors, Pine","? 1,094.22",3,? 328.23,Critical
IN-2014-32770,10/7/2014,AP-10720,Anne Pryor,Jabalpur,Madhya Pradesh,India,TEC-PH-10003856,Technology,Phones,"Motorola Smart Phone, with Caller ID","? 2,582.16",4,? 361.44,High
IN-2014-14780,10/17/2014,CR-12820,Cyra Reiten,Patna,Bihar,India,TEC-PH-10004664,Technology,Phones,"Nokia Smart Phone, with Caller ID","? 3,194.55",5,? 830.55,High
IN-2011-51964,12/28/2011,AB-10105,Adrian Barton,Kochi,Kerala,India,TEC-CO-10002526,Technology,Copiers,"Sharp Wireless Fax, Digital","? 1,066.68",3,? 394.65,Critical
IN-2012-18518,10/4/2012,TT-21070,Ted Trevino,Agra,Uttar Pradesh,India,FUR-CH-10001207,Furniture,Chairs,"Hon Executive Leather Armchair, Red","? 2,756.34",6,? 413.28,High
IN-2012-79439,2/4/2012,EM-13810,Eleni McCrary,Dehra Dun,Uttarakhand,India,FUR-BO-10001372,Furniture,Bookcases,"Safco Classic Bookcase, Pine","? 3,076.50",7,? 215.25,Medium
IN-2013-50809,6/12/2013,CA-12775,Cynthia Arntzen,Kota,Chhattisgarh,India,TEC-PH-10000169,Technology,Phones,"Apple Smart Phone, with Caller ID","? 5,751.54",9,"? 2,817.99",Medium
IN-2011-26176,8/16/2011,KB-16600,Ken Brennan,Lucknow,Uttar Pradesh,India,FUR-BO-10001934,Furniture,Bookcases,"Bush Library with Doors, Metal","? 3,274.02",9,? 261.90,Medium
IN-2011-23530,11/9/2011,AS-10285,Alejandro Savely,Kanpur,Uttar Pradesh,India,FUR-CH-10004694,Furniture,Chairs,"Office Star Rocking Chair, Black",? 969.36,7,? 348.81,Critical
IN-2014-47449,7/12/2014,CD-12280,Christina DeMoss,Delhi,Delhi,India,FUR-BO-10000288,Furniture,Bookcases,"Safco Classic Bookcase, Traditional","? 2,190.75",5,? 65.70,Medium
IN-2014-32084,8/6/2014,AF-10885,Art Foster,Salem,Tamil Nadu,India,TEC-PH-10001457,Technology,Phones,"Apple Smart Phone, Full Size","? 2,550.00",4,? 280.44,High
IN-2014-13597,11/3/2014,AC-10450,Amy Cox,Chennai,Tamil Nadu,India,FUR-TA-10002256,Furniture,Tables,"Hon Wood Table, Fully Assembled","? 2,664.00",5,? 905.70,Medium
IN-2011-40155,11/14/2011,CL-12700,Craig Leslie,Kulti,West Bengal,India,TEC-PH-10000499,Technology,Phones,"Motorola Smart Phone, Full Size","? 4,498.83",7,? 674.73,Medium
IN-2012-26274,2/27/2012,BT-11530,Bradley Talbott,Muzaffarpur,Bihar,India,FUR-TA-10001116,Furniture,Tables,"Barricks Conference Table, Fully Assembled","? 5,451.30",6,? 327.06,Medium
IN-2011-44901,2/23/2011,MG-18205,Mitch Gastineau,Thane,Maharashtra,India,TEC-CO-10004997,Technology,Copiers,"Hewlett Wireless Fax, Color","? 1,526.52",4,? 732.72,High
IN-2014-48261,10/23/2014,CY-12745,Craig Yedwab,Bangalore,Karnataka,India,TEC-CO-10002376,Technology,Copiers,"Hewlett Fax Machine, Laser",? 959.76,3,? 460.62,Critical
IN-2013-15277,11/11/2013,MR-17545,Mathew Reese,Jodhpur,Rajasthan,India,TEC-CO-10002150,Technology,Copiers,"Canon Fax and Copier, Digital",? 763.92,4,? 381.96,Critical
ID-2013-69345,9/19/2013,EM-13960,Eric Murdock,Nagpur,Maharashtra,India,OFF-AP-10001824,Office Supplies,Appliances,"Breville Stove, Silver","? 2,249.16",4,? 224.88,High
IN-2014-16887,5/5/2014,CC-12475,Cindy Chapman,Bhavnagar,Gujarat,India,TEC-CO-10002040,Technology,Copiers,"Brother Fax Machine, Digital","? 1,272.72",4,? 534.48,High
IN-2012-44278,5/4/2012,NZ-18565,Nick Zandusky,Jaipur,Rajasthan,India,TEC-CO-10003102,Technology,Copiers,"Canon Copy Machine, Color","? 2,372.22",9,? 0.00,High
IN-2014-53427,5/9/2014,LT-16765,Larry Tron,Imphal,Manipur,India,FUR-TA-10004711,Furniture,Tables,"Lesro Conference Table, Adjustable Height","? 4,298.85",5,? 300.90,Low
IN-2011-51740,8/3/2011,DM-13525,Don Miller,Muzaffarpur,Bihar,India,TEC-PH-10000720,Technology,Phones,"Samsung Audio Dock, Full Size",? 840.60,5,? 319.35,Critical
IN-2012-27583,2/24/2012,DL-13330,Denise Leinenbach,Nagpur,Maharashtra,India,TEC-PH-10001699,Technology,Phones,"Samsung Smart Phone, Full Size","? 3,187.20",5,? 541.80,Medium
IN-2012-75904,5/10/2012,BW-11110,Bart Watters,Jhansi,Uttar Pradesh,India,TEC-MA-10001752,Technology,Machines,"Konica Printer, Durable","? 1,607.76",6,? 482.22,High
IN-2013-71333,9/13/2013,JE-15610,Jim Epp,Amravati,Maharashtra,India,TEC-PH-10004006,Technology,Phones,"Nokia Audio Dock, Full Size",? 840.15,5,? 260.40,Critical
IN-2014-25847,10/11/2014,JK-16090,Juliana Krohn,Delhi,Delhi,India,OFF-AP-10003275,Office Supplies,Appliances,"KitchenAid Microwave, Silver","? 2,488.56",8,? 348.24,High
IN-2014-35983,5/1/2014,SW-20275,Scott Williamson,Jamshedpur,Jharkhand,India,FUR-CH-10000994,Furniture,Chairs,"Harbour Creations Rocking Chair, Black",? 723.30,5,? 122.85,Critical
IN-2012-53420,4/12/2012,LW-16825,Laurel Workman,Nasik,Maharashtra,India,TEC-CO-10004961,Technology,Copiers,"HP Wireless Fax, Color",? 723.30,2,? 332.70,Critical
IN-2011-10055,10/6/2011,TS-21370,Todd Sumrall,Visakhapatnam,Andhra Pradesh,India,OFF-AP-10003598,Office Supplies,Appliances,"Breville Refrigerator, Red","? 2,077.32",4,? 581.64,Medium
IN-2012-29130,6/16/2012,JR-15700,Jocasta Rupert,Kollam,Kerala,India,OFF-AP-10003275,Office Supplies,Appliances,"KitchenAid Microwave, Silver","? 2,799.63",9,? 391.77,Medium
IN-2011-17594,9/22/2011,DP-13165,David Philippe,Thane,Maharashtra,India,TEC-PH-10001751,Technology,Phones,"Samsung Smart Phone, Cordless","? 1,917.00",3,? 690.12,High
IN-2011-44901,2/23/2011,MG-18205,Mitch Gastineau,Thane,Maharashtra,India,FUR-BO-10002462,Furniture,Bookcases,"Ikea Classic Bookcase, Pine","? 2,065.50",5,? 41.25,High
IN-2014-46777,1/25/2014,KD-16345,Katherine Ducich,Surat,Gujarat,India,FUR-BO-10003282,Furniture,Bookcases,"Ikea Classic Bookcase, Mobile","? 2,485.62",6,? 795.24,Medium
IN-2014-17230,5/28/2014,DR-12940,Daniel Raglin,Madurai,Tamil Nadu,India,FUR-CH-10002573,Furniture,Chairs,"Office Star Executive Leather Armchair, Adjustable","? 1,395.00",3,? 237.15,High
IN-2012-63759,12/1/2012,CS-12460,Chuck Sachs,Aligarh,Uttar Pradesh,India,TEC-CO-10004027,Technology,Copiers,"Sharp Fax Machine, Color","? 2,673.81",9,? 26.73,Medium
IN-2012-33820,12/11/2012,CC-12685,Craig Carroll,Vijayawada,Andhra Pradesh,India,TEC-PH-10002652,Technology,Phones,"Cisco Smart Phone, Cordless","? 1,302.96",2,? 182.40,High
IN-2014-72054,4/7/2014,JW-15220,Jane Waco,Mangalore,Karnataka,India,TEC-PH-10000780,Technology,Phones,"Cisco Smart Phone, with Caller ID","? 3,271.20",5,"? 1,341.15",High
IN-2013-60700,11/28/2013,MC-17845,Michael Chen,Gwalior,Madhya Pradesh,India,FUR-TA-10001889,Furniture,Tables,"Bevis Conference Table, Fully Assembled","? 1,850.46",2,? 259.02,High
IN-2014-47806,5/17/2014,DO-13435,Denny Ordway,Srinagar,Jammu and Kashmir,India,FUR-TA-10001360,Furniture,Tables,"Bevis Round Table, Rectangular","? 3,094.56",6,"? 1,423.44",Medium
IN-2014-76016,9/26/2014,VG-21805,Vivek Grady,Thiruvananthapuram,Kerala,India,FUR-BO-10004043,Furniture,Bookcases,"Dania Classic Bookcase, Metal","? 2,871.54",7,? 57.33,Medium
IN-2012-45909,10/5/2012,TB-21190,Thomas Brumley,Allahabad,Uttar Pradesh,India,TEC-PH-10000030,Technology,Phones,"Samsung Smart Phone, with Caller ID","? 2,544.60",4,? 865.08,Medium
IN-2013-10811,9/17/2013,LR-16915,Lena Radford,Gorakhpur,Haryana,India,TEC-PH-10003713,Technology,Phones,"Nokia Smart Phone, Cordless","? 1,908.45",3,? 534.33,High
IN-2014-52636,6/27/2014,DM-13345,Denise Monton,Varanasi,Uttar Pradesh,India,TEC-CO-10004404,Technology,Copiers,"Brother Copy Machine, High-Speed","? 2,098.32",8,? 860.16,Medium
IN-2013-55170,11/28/2013,TC-20980,Tamara Chand,Chennai,Tamil Nadu,India,FUR-CH-10002872,Furniture,Chairs,"SAFCO Executive Leather Armchair, Adjustable","? 1,391.76",3,? 97.38,High
IN-2013-46252,5/1/2013,ZC-21910,Zuschuss Carroll,Tiruppur,Tamil Nadu,India,TEC-CO-10000447,Technology,Copiers,"Canon Wireless Fax, Color","? 3,040.80",8,"? 1,155.36",Medium
IN-2014-78396,3/24/2014,MG-18145,Mike Gockenbach,Bhilwara,Rajasthan,India,FUR-TA-10004744,Furniture,Tables,"Lesro Conference Table, with Bottom Storage","? 2,572.74",3,"? 1,080.54",Medium
IN-2014-20870,7/9/2014,EM-14140,Eugene Moren,Malegaon,Maharashtra,India,FUR-BO-10003301,Furniture,Bookcases,"Dania Floating Shelf Set, Metal","? 2,194.53",13,? 438.75,High
IN-2013-46798,8/12/2013,DK-12985,Darren Koutras,Delhi,Delhi,India,TEC-PH-10002936,Technology,Phones,"Nokia Smart Phone, Full Size","? 3,180.30",5,? 381.60,Medium
IN-2013-19176,6/11/2013,MS-17980,Michael Stewart,Hyderabad,Telangana,India,TEC-PH-10003856,Technology,Phones,"Motorola Smart Phone, with Caller ID","? 2,582.16",4,? 361.44,Medium
IN-2012-21206,2/6/2012,SC-20800,Stuart Calhoun,Bhilai,Chhattisgarh,India,FUR-BO-10000035,Furniture,Bookcases,"Dania Classic Bookcase, Pine","? 1,236.33",3,? 519.21,High
IN-2012-28528,10/1/2012,CA-12775,Cynthia Arntzen,Delhi,Delhi,India,FUR-TA-10001786,Furniture,Tables,"Chromcraft Computer Table, with Bottom Storage","? 3,547.44",8,? 780.24,Medium
IN-2013-78809,1/22/2013,AG-10900,Arthur Gainer,Pune,Maharashtra,India,FUR-CH-10002247,Furniture,Chairs,"Hon Executive Leather Armchair, Adjustable","? 1,838.52",4,? 349.20,High
IN-2013-37761,5/1/2013,KB-16240,Karen Bern,Kalyan,Maharashtra,India,FUR-CH-10002944,Furniture,Chairs,"Office Star Steel Folding Chair, Black",? 803.52,9,? 48.06,Medium
IN-2011-41254,6/22/2011,SC-20230,Scot Coram,Avadi,Tamil Nadu,India,FUR-BO-10001372,Furniture,Bookcases,"Safco Classic Bookcase, Pine","? 2,637.00",6,? 184.50,Medium
IN-2013-27247,9/11/2013,LB-16795,Laurel Beltran,Thanjavur,Tamil Nadu,India,TEC-CO-10003087,Technology,Copiers,"Canon Wireless Fax, Laser","? 3,407.94",9,? 613.17,Medium
IN-2012-57424,12/15/2012,RW-19690,Robert Waldorf,Bhatinda,Punjab,India,OFF-AP-10004295,Office Supplies,Appliances,"Cuisinart Refrigerator, Silver","? 1,987.32",4,? 298.08,Medium
ID-2013-13422,12/20/2013,AG-10765,Anthony Garverick,Mumbai,Maharashtra,India,FUR-TA-10004416,Furniture,Tables,"Bevis Wood Table, Adjustable Height",? 535.80,2,-? 96.48,Critical
IN-2013-29578,8/24/2013,JO-15280,Jas O'Carroll,Hyderabad,Telangana,India,FUR-BO-10002277,Furniture,Bookcases,"Bush Floating Shelf Set, Mobile",? 868.95,5,? 43.35,High
IN-2014-65194,3/27/2014,AF-10870,Art Ferguson,Aurangabad,Bihar,India,FUR-CH-10003950,Furniture,Chairs,"Novimex Executive Leather Armchair, Black","? 2,289.75",5,? 68.55,Medium
IN-2012-32805,12/19/2012,AF-10885,Art Foster,Solapur,Maharashtra,India,OFF-AP-10002675,Office Supplies,Appliances,"Cuisinart Refrigerator, Black","? 2,973.06",6,? 445.86,High
IN-2014-11231,12/16/2014,CS-11845,Cari Sayre,Raipur,Uttarakhand,India,FUR-BO-10000676,Furniture,Bookcases,"Bush Stackable Bookrack, Pine",? 630.15,5,? 31.50,Critical
IN-2011-59685,8/4/2011,BM-11785,Bryan Mills,Tiruchchirappalli,Tamil Nadu,India,FUR-BO-10001934,Furniture,Bookcases,"Bush Library with Doors, Metal","? 1,455.12",4,? 116.40,Medium
IN-2012-29459,10/25/2012,DW-13195,David Wiener,Bhiwandi,Maharashtra,India,FUR-BO-10002031,Furniture,Bookcases,"Sauder Classic Bookcase, Pine","? 2,186.70",5,? 481.05,Medium
IN-2013-26659,8/7/2013,AB-10600,Ann Blume,Lucknow,Uttar Pradesh,India,FUR-BO-10004529,Furniture,Bookcases,"Sauder 3-Shelf Cabinet, Pine",? 840.15,5,? 100.80,Low
IN-2012-57823,12/5/2012,CR-12625,Corey Roper,Pune,Maharashtra,India,FUR-CH-10002250,Furniture,Chairs,"Office Star Executive Leather Armchair, Black","? 1,869.72",4,? 878.76,High
IN-2013-25532,3/12/2013,CC-12370,Christopher Conant,Cuttack,Odisha,India,TEC-MA-10002148,Technology,Machines,"Epson Printer, Durable",? 788.22,3,? 102.42,High
IN-2013-65075,3/23/2013,GZ-14470,Gary Zandusky,Ludhiana,Punjab,India,TEC-AC-10004108,Technology,Accessories,"Memorex Router, USB","? 2,217.78",9,? 775.98,Medium
IN-2013-12183,5/14/2013,HH-15010,Hilary Holden,Nagpur,Maharashtra,India,FUR-CH-10002573,Furniture,Chairs,"Office Star Executive Leather Armchair, Adjustable","? 1,395.00",3,? 237.15,Medium
IN-2013-78935,8/26/2013,AS-10285,Alejandro Savely,Avadi,Tamil Nadu,India,TEC-PH-10001457,Technology,Phones,"Apple Smart Phone, Full Size","? 1,912.50",3,? 210.33,High
IN-2013-34968,10/27/2013,CR-12625,Corey Roper,Surat,Gujarat,India,FUR-BO-10004679,Furniture,Bookcases,"Safco Library with Doors, Pine","? 1,564.56",4,? 172.08,High
IN-2012-15137,4/10/2012,CS-12175,Charles Sheldon,Allahabad,Uttar Pradesh,India,FUR-CH-10000351,Furniture,Chairs,"Novimex Chairmat, Set of Two",? 527.31,9,? 194.94,High
IN-2011-45993,10/14/2011,LR-17035,Lisa Ryan,Agra,Uttar Pradesh,India,TEC-MA-10002468,Technology,Machines,"Panasonic Inkjet, White","? 2,173.50",7,? 260.82,High
IN-2012-46448,5/31/2012,SW-20245,Scot Wooten,Fatehpur,Rajasthan,India,TEC-PH-10000358,Technology,Phones,"Samsung Headset, with Caller ID",? 951.60,13,? 66.30,High
IN-2014-51719,11/21/2014,DV-13045,Darrin Van Huff,Madurai,Tamil Nadu,India,OFF-ST-10003837,Office Supplies,Storage,"Tenex Lockers, Single Width","? 1,429.26",7,? 199.92,Medium
IN-2014-72838,9/26/2014,RF-19840,Roy Franz?sisch,Cuttack,Odisha,India,FUR-CH-10004196,Furniture,Chairs,"Novimex Swivel Stool, Red","? 1,315.68",8,? 328.80,High
IN-2012-47008,8/23/2012,FG-14260,Frank Gastineau,Jabalpur,Madhya Pradesh,India,TEC-CO-10002911,Technology,Copiers,"Hewlett Wireless Fax, Laser",? 760.38,2,? 144.42,Low
IN-2014-58957,11/17/2014,MM-17920,Michael Moore,Dewas,Madhya Pradesh,India,OFF-AR-10001266,Office Supplies,Art,"Boston Canvas, Blue",? 482.76,9,? 183.33,Critical
IN-2014-10657,11/25/2014,DB-13615,Doug Bickford,Hyderabad,Telangana,India,FUR-CH-10001415,Furniture,Chairs,"Office Star Executive Leather Armchair, Red","? 1,409.04",3,? 436.77,Medium
IN-2014-47806,5/17/2014,DO-13435,Denny Ordway,Srinagar,Jammu and Kashmir,India,OFF-AP-10001931,Office Supplies,Appliances,"Cuisinart Stove, Red","? 2,153.16",4,? 861.24,Medium
ID-2011-52937,11/7/2011,MG-17680,Maureen Gastineau,Mumbai,Maharashtra,India,TEC-PH-10001614,Technology,Phones,"Motorola Audio Dock, VoIP",? 346.92,4,-? 152.76,Critical
IN-2011-70850,11/21/2011,DH-13675,Duane Huffman,Gorakhpur,Uttar Pradesh,India,TEC-PH-10003002,Technology,Phones,"Cisco Smart Phone, Full Size","? 1,954.17",3,? 312.66,Medium
IN-2011-55268,9/7/2011,GT-14710,Greg Tran,Vadodara,Gujarat,India,TEC-PH-10001354,Technology,Phones,"Motorola Speaker Phone, Full Size",? 524.28,4,? 146.76,High
IN-2012-66727,11/27/2012,EC-14050,Erin Creighton,Pune,Maharashtra,India,TEC-AC-10002244,Technology,Accessories,"Enermax Router, Erganomic","? 1,792.98",7,? 394.38,Low
ID-2013-48485,5/9/2013,CM-12115,Chad McGuire,Mumbai,Maharashtra,India,FUR-CH-10000025,Furniture,Chairs,"Office Star Rocking Chair, Set of Two",? 429.48,6,-? 257.76,Critical
IN-2014-46616,3/22/2014,VP-21730,Victor Preis,Faridabad,Haryana,India,FUR-TA-10001386,Furniture,Tables,"Lesro Conference Table, Fully Assembled","? 1,718.10",2,? 618.48,High
IN-2014-40764,3/27/2014,RB-19435,Richard Bierner,Korba,Chhattisgarh,India,FUR-BO-10004648,Furniture,Bookcases,"Sauder Library with Doors, Pine","? 2,722.86",7,? 408.24,Medium
IN-2012-21206,2/6/2012,SC-20800,Stuart Calhoun,Bhilai,Chhattisgarh,India,FUR-BO-10004679,Furniture,Bookcases,"Safco Library with Doors, Pine","? 2,737.98",7,? 301.14,High
IN-2013-76835,8/12/2013,RA-19285,Ralph Arnett,Mangalore,Karnataka,India,TEC-CO-10004170,Technology,Copiers,"HP Wireless Fax, High-Speed","? 1,075.23",3,? 344.07,High
IN-2014-75267,11/18/2014,RB-19465,Rick Bensley,Agra,Uttar Pradesh,India,TEC-AC-10002172,Technology,Accessories,"Memorex Keyboard, Programmable",? 655.56,9,? 91.53,High
IN-2014-44012,9/25/2014,PS-19045,Penelope Sewall,Anantapur,Andhra Pradesh,India,OFF-ST-10000103,Office Supplies,Storage,"Smead Lockers, Industrial",? 596.70,3,? 83.52,Critical
IN-2013-26743,8/2/2013,MG-18205,Mitch Gastineau,Pune,Maharashtra,India,TEC-AC-10000866,Technology,Accessories,"Belkin Router, Erganomic","? 1,282.80",5,? 217.95,High
IN-2013-30775,5/29/2013,AR-10405,Allen Rosenblatt,Mathura,Uttar Pradesh,India,OFF-ST-10004837,Office Supplies,Storage,"Eldon File Cart, Single Width",? 767.52,6,? 45.90,High
IN-2013-73412,1/25/2013,AM-10360,Alice McCarthy,Gaya,Bihar,India,TEC-CO-10001419,Technology,Copiers,"Hewlett Copy Machine, Color","? 1,590.66",6,? 47.70,Medium
IN-2014-61414,1/16/2014,JJ-15445,Jennifer Jackson,Kolhapur,Maharashtra,India,FUR-CH-10000027,Furniture,Chairs,"SAFCO Executive Leather Armchair, Black","? 1,377.00",3,? 179.01,Medium
IN-2011-75526,8/22/2011,DM-12955,Dario Medina,Bhavnagar,Gujarat,India,TEC-PH-10002601,Technology,Phones,"Motorola Smart Phone, Cordless","? 1,928.34",3,? 77.13,Medium
IN-2014-17349,7/21/2014,RB-19570,Rob Beeghly,Rajkot,Gujarat,India,OFF-ST-10001357,Office Supplies,Storage,"Eldon Lockers, Single Width","? 1,187.64",6,? 213.66,High
IN-2012-40211,12/15/2012,DP-13165,David Philippe,Satna,Madhya Pradesh,India,TEC-CO-10004897,Technology,Copiers,"Sharp Fax Machine, High-Speed","? 1,469.25",5,? 616.95,High
IN-2012-35143,1/23/2012,RO-19780,Rose O'Brian,Kollam,Kerala,India,OFF-AP-10002312,Office Supplies,Appliances,"KitchenAid Refrigerator, Black","? 2,636.85",5,? 580.05,Medium
IN-2013-72901,11/11/2013,LT-16765,Larry Tron,Bikaner,Rajasthan,India,FUR-CH-10002060,Furniture,Chairs,"SAFCO Rocking Chair, Adjustable",? 961.80,7,? 163.38,Medium
IN-2012-11476,10/29/2012,HH-15010,Hilary Holden,Indore,Madhya Pradesh,India,TEC-AC-10002533,Technology,Accessories,"Enermax Memory Card, USB",? 802.20,7,? 128.31,High
IN-2014-23124,8/29/2014,AJ-10780,Anthony Jacobs,Tirupati,Andhra Pradesh,India,FUR-BO-10004852,Furniture,Bookcases,"Sauder Classic Bookcase, Traditional",? 871.98,2,? 322.62,Low
IN-2014-15662,1/29/2014,LB-16795,Laurel Beltran,Pune,Maharashtra,India,TEC-MA-10003492,Technology,Machines,"Okidata Printer, Wireless","? 1,611.00",6,? 64.44,Medium
IN-2012-47008,8/23/2012,FG-14260,Frank Gastineau,Jabalpur,Madhya Pradesh,India,TEC-CO-10002350,Technology,Copiers,"Canon Wireless Fax, Digital","? 1,134.90",3,? 45.36,Low
IN-2013-26659,8/7/2013,AB-10600,Ann Blume,Lucknow,Uttar Pradesh,India,TEC-MA-10003773,Technology,Machines,"Panasonic Card Printer, Wireless",? 869.10,5,? 252.00,Low
IN-2014-75785,3/20/2014,KW-16570,Kelly Williams,Meerut,Uttar Pradesh,India,TEC-CO-10004535,Technology,Copiers,"Hewlett Fax Machine, High-Speed","? 1,272.48",4,? 458.04,Medium
IN-2013-46252,5/1/2013,ZC-21910,Zuschuss Carroll,Tiruppur,Tamil Nadu,India,TEC-MA-10004666,Technology,Machines,"Panasonic Inkjet, Red","? 1,236.96",4,? 24.72,Medium
IN-2013-28297,5/24/2013,BO-11350,Bill Overfelt,Bangalore,Karnataka,India,TEC-CO-10000208,Technology,Copiers,"Brother Wireless Fax, Color","? 1,140.75",3,? 0.00,Medium
IN-2011-62016,7/12/2011,NM-18520,Neoma Murray,Parbhani,Maharashtra,India,FUR-TA-10000558,Furniture,Tables,"Hon Wood Table, Rectangular","? 1,057.80",2,? 338.46,Low
IN-2014-16852,6/18/2014,GW-14605,Giulietta Weimer,Chennai,Tamil Nadu,India,TEC-CO-10001407,Technology,Copiers,"Canon Ink, Digital",? 587.16,4,? 146.76,High
IN-2013-41569,12/20/2013,RP-19390,Resi P?lking,Kollam,Kerala,India,OFF-ST-10003953,Office Supplies,Storage,"Smead File Cart, Industrial","? 1,027.20",8,? 287.52,Medium
IN-2012-47750,2/15/2012,NG-18430,Nathan Gelder,Chennai,Tamil Nadu,India,TEC-PH-10001921,Technology,Phones,"Nokia Signal Booster, with Caller ID",? 546.00,4,? 60.00,Critical
IN-2014-62156,9/26/2014,GM-14455,Gary Mitchum,Ranchi,Jharkhand,India,FUR-BO-10001598,Furniture,Bookcases,"Bush Corner Shelving, Pine",? 877.38,7,? 394.80,Medium
IN-2013-64865,6/27/2013,AS-10135,Adrian Shami,Nagercoil,Tamil Nadu,India,TEC-MA-10002680,Technology,Machines,"Konica Inkjet, White",? 931.77,3,? 214.29,Medium
IN-2014-41485,9/30/2014,JH-16180,Justin Hirsh,Nizamabad,Telangana,India,TEC-CO-10000953,Technology,Copiers,"HP Wireless Fax, Laser",? 720.42,2,? 201.66,Critical
IN-2014-34128,4/15/2014,KN-16450,Kean Nguyen,Gorakhpur,Uttar Pradesh,India,FUR-TA-10001531,Furniture,Tables,"Lesro Training Table, Adjustable Height","? 1,354.95",5,? 108.30,Medium
IN-2012-29571,9/27/2012,MD-17860,Michael Dominguez,Bareilly,Uttar Pradesh,India,TEC-PH-10001457,Technology,Phones,"Apple Smart Phone, Full Size","? 3,187.50",5,? 350.55,Medium
IN-2014-42808,11/6/2014,PB-18805,Patrick Bzostek,Jhansi,Uttar Pradesh,India,OFF-AP-10004711,Office Supplies,Appliances,"Breville Refrigerator, Silver","? 2,080.32",4,? 603.24,Medium
IN-2011-78263,2/16/2011,BF-11215,Benjamin Farhat,Kanpur,Uttar Pradesh,India,TEC-MA-10002941,Technology,Machines,"Okidata Card Printer, Red","? 1,210.86",7,? 423.78,Medium
IN-2014-46875,9/11/2014,AP-10915,Arthur Prichep,Thane,Maharashtra,India,FUR-CH-10002573,Furniture,Chairs,"Office Star Executive Leather Armchair, Adjustable",? 930.00,2,? 158.10,Medium
IN-2013-79530,5/20/2013,AA-10645,Anna Andreadi,Chennai,Tamil Nadu,India,TEC-CO-10001382,Technology,Copiers,"HP Personal Copier, Laser",? 621.45,5,? 192.60,High
IN-2013-61127,12/21/2013,KB-16585,Ken Black,Puducherry,Puducherry,India,FUR-BO-10002462,Furniture,Bookcases,"Ikea Classic Bookcase, Pine","? 1,239.30",3,? 24.75,Medium
ID-2013-38748,6/24/2013,MJ-17740,Max Jones,Mumbai,Maharashtra,India,TEC-MA-10001127,Technology,Machines,"Epson Inkjet, Wireless",? 770.85,5,-? 447.15,High
IN-2014-63206,6/20/2014,DV-13465,Dianna Vittorini,Hyderabad,Telangana,India,FUR-BO-10000210,Furniture,Bookcases,"Ikea Library with Doors, Pine","? 1,094.22",3,? 328.23,Low
IN-2013-76835,8/12/2013,RA-19285,Ralph Arnett,Mangalore,Karnataka,India,FUR-BO-10001934,Furniture,Bookcases,"Bush Library with Doors, Metal","? 1,091.34",3,? 87.30,High
IN-2011-33904,10/13/2011,RR-19315,Ralph Ritter,Kanpur,Uttar Pradesh,India,OFF-AP-10002793,Office Supplies,Appliances,"KitchenAid Stove, Black","? 1,139.16",2,? 284.76,Medium
IN-2014-70738,12/17/2014,RB-19465,Rick Bensley,Tirunelveli,Tamil Nadu,India,TEC-PH-10001917,Technology,Phones,"Apple Signal Booster, Cordless","? 1,813.50",13,? 145.08,Medium
IN-2014-75918,9/3/2014,BS-11665,Brian Stugart,Bhavnagar,Gujarat,India,TEC-MA-10003314,Technology,Machines,"Epson Phone, White",? 476.28,6,? 204.66,Critical
IN-2013-34268,3/4/2013,LC-16870,Lena Cacioppo,Jodhpur,Rajasthan,India,FUR-CH-10001271,Furniture,Chairs,"SAFCO Executive Leather Armchair, Red","? 1,845.72",4,? 535.20,Medium
IN-2011-46728,5/18/2011,KB-16600,Ken Brennan,Ichalkaranji,Maharashtra,India,TEC-CO-10003777,Technology,Copiers,"Hewlett Copy Machine, Color",? 785.61,3,? 157.05,High
ID-2013-69345,9/19/2013,EM-13960,Eric Murdock,Nagpur,Maharashtra,India,TEC-CO-10002283,Technology,Copiers,"Brother Copy Machine, Color",? 781.47,3,? 281.25,High
IN-2013-66776,12/23/2013,NG-18430,Nathan Gelder,Firozabad,Uttar Pradesh,India,TEC-AC-10004108,Technology,Accessories,"Memorex Router, USB","? 1,232.10",5,? 431.10,Medium
IN-2012-48548,5/11/2012,RB-19360,Raymond Buch,Bhopal,Madhya Pradesh,India,TEC-CO-10000269,Technology,Copiers,"HP Ink, Laser",? 900.90,7,? 63.00,High
IN-2011-51271,10/6/2011,EH-13990,Erica Hackney,Pune,Maharashtra,India,TEC-PH-10001002,Technology,Phones,"Apple Signal Booster, Full Size",? 965.58,7,? 376.53,High
IN-2012-75904,5/10/2012,BW-11110,Bart Watters,Jhansi,Uttar Pradesh,India,TEC-CO-10000679,Technology,Copiers,"Hewlett Personal Copier, High-Speed",? 569.88,4,? 5.64,High
ID-2012-41520,11/13/2012,MC-18100,Mick Crebagga,Mumbai,Maharashtra,India,FUR-CH-10002061,Furniture,Chairs,"Harbour Creations Executive Leather Armchair, Red",? 951.72,4,-? 495.00,High
IN-2012-54134,11/26/2012,LB-16735,Larry Blacks,Ujjain,Madhya Pradesh,India,TEC-CO-10003759,Technology,Copiers,"Canon Fax Machine, Laser",? 955.17,3,? 429.75,Medium
IN-2014-77689,6/28/2014,SC-20050,Sample Company A,Asansol,West Bengal,India,TEC-CO-10000791,Technology,Copiers,"Sharp Personal Copier, Laser",? 240.00,2,? 88.80,Critical
IN-2014-22207,12/8/2014,RE-19450,Richard Eichhorn,Brahmapur,Odisha,India,TEC-MA-10001711,Technology,Machines,"Konica Phone, White",? 676.80,8,? 162.24,High
IN-2012-34324,10/3/2012,RL-19615,Rob Lucas,Gorakhpur,Haryana,India,TEC-CO-10004998,Technology,Copiers,"HP Fax and Copier, Color","? 1,220.31",7,? 512.40,Medium
IN-2013-47393,9/11/2013,MH-17455,Mark Hamilton,Bhilai,Chhattisgarh,India,TEC-PH-10001884,Technology,Phones,"Nokia Office Telephone, Full Size",? 664.20,10,? 26.40,High
IN-2013-15277,11/11/2013,MR-17545,Mathew Reese,Jodhpur,Rajasthan,India,TEC-PH-10002152,Technology,Phones,"Apple Headset, Cordless",? 228.33,3,? 70.74,Critical
ID-2012-46210,8/31/2012,CR-12730,Craig Reiter,Mumbai,Maharashtra,India,TEC-CO-10002376,Technology,Copiers,"Hewlett Fax Machine, Laser",? 639.84,4,-? 25.68,High
IN-2014-70724,6/5/2014,CC-12370,Christopher Conant,Solapur,Maharashtra,India,TEC-CO-10000791,Technology,Copiers,"Sharp Personal Copier, Laser","? 1,320.00",11,? 488.40,Medium
IN-2012-40638,10/19/2012,FH-14275,Frank Hawley,Durgapur,Maharashtra,India,OFF-ST-10003203,Office Supplies,Storage,"Eldon Lockers, Wire Frame",? 984.90,5,? 423.45,Medium
IN-2012-31867,8/1/2012,KD-16495,Keith Dawkins,Nasik,Maharashtra,India,OFF-AP-10000675,Office Supplies,Appliances,"Hamilton Beach Stove, White","? 1,621.44",3,? 210.78,Medium
IN-2012-40848,1/7/2012,LR-16915,Lena Radford,Ajmer,Rajasthan,India,FUR-TA-10003893,Furniture,Tables,"Lesro Wood Table, with Bottom Storage","? 1,402.29",3,? 0.00,Medium
IN-2013-63829,8/1/2013,DW-13480,Dianna Wilson,Ulhasnagar,Maharashtra,India,TEC-PH-10003556,Technology,Phones,"Samsung Speaker Phone, VoIP",? 863.31,7,? 301.98,Medium
IN-2013-71333,9/13/2013,JE-15610,Jim Epp,Amravati,Maharashtra,India,OFF-ST-10002292,Office Supplies,Storage,"Fellowes Lockers, Single Width",? 414.72,2,? 8.28,Critical
IN-2013-53819,11/25/2013,TB-21595,Troy Blackwell,Patna,Bihar,India,TEC-PH-10003488,Technology,Phones,"Nokia Signal Booster, VoIP",? 682.95,5,? 116.10,High
IN-2013-61841,4/26/2013,CM-12385,Christopher Martinez,Bangalore,Karnataka,India,TEC-CO-10004998,Technology,Copiers,"HP Fax and Copier, Color",? 697.32,4,? 292.80,High
IN-2014-15809,11/13/2014,SV-20935,Susan Vittorini,Chennai,Tamil Nadu,India,TEC-CO-10000865,Technology,Copiers,"Brother Fax Machine, High-Speed",? 633.48,2,? 69.66,High
IN-2012-54729,12/20/2012,PV-18985,Paul Van Hugh,Pimpri,Maharashtra,India,FUR-BO-10001326,Furniture,Bookcases,"Bush 3-Shelf Cabinet, Pine",? 434.16,3,? 73.80,High
IN-2013-74350,8/16/2013,MS-17980,Michael Stewart,Nagpur,Maharashtra,India,TEC-CO-10001472,Technology,Copiers,"Sharp Copy Machine, Laser","? 1,195.20",5,? 585.60,Critical
IN-2014-32651,8/26/2014,JO-15280,Jas O'Carroll,Kalyan,Maharashtra,India,TEC-AC-10001500,Technology,Accessories,"Logitech Memory Card, Erganomic",? 607.14,6,? 36.36,High
IN-2014-46616,3/22/2014,VP-21730,Victor Preis,Faridabad,Haryana,India,TEC-PH-10002104,Technology,Phones,"Cisco Speaker Phone, Cordless",? 706.65,5,? 204.90,High
IN-2013-20933,10/15/2013,NL-18310,Nancy Lomonaco,Pune,Maharashtra,India,TEC-PH-10002683,Technology,Phones,"Apple Smart Phone, Cordless",? 636.30,1,? 235.41,High
IN-2011-41254,6/22/2011,SC-20230,Scot Coram,Avadi,Tamil Nadu,India,TEC-PH-10002601,Technology,Phones,"Motorola Smart Phone, Cordless","? 1,285.56",2,? 51.42,Medium
IN-2013-17482,3/29/2013,LC-17140,Logan Currie,Ratlam,Madhya Pradesh,India,FUR-CH-10004009,Furniture,Chairs,"SAFCO Rocking Chair, Set of Two",? 685.80,5,? 157.65,Medium
IN-2014-50179,10/13/2014,JR-15700,Jocasta Rupert,Coimbatore,Tamil Nadu,India,TEC-AC-10004414,Technology,Accessories,"Enermax Router, Bluetooth","? 1,291.65",5,? 413.25,Medium
IN-2014-47218,10/16/2014,VP-21760,Victoria Pisteka,Nellore,Andhra Pradesh,India,TEC-PH-10004085,Technology,Phones,"Apple Audio Dock, with Caller ID",? 667.56,4,? 153.48,High
IN-2011-12288,5/30/2011,JS-15880,John Stevenson,Vadodara,Gujarat,India,TEC-PH-10003488,Technology,Phones,"Nokia Signal Booster, VoIP",? 956.13,7,? 162.54,Medium
IN-2013-55933,7/18/2013,AB-10015,Aaron Bergman,Hyderabad,Telangana,India,OFF-ST-10004802,Office Supplies,Storage,"Rogers File Cart, Industrial",? 566.40,4,? 135.84,High
IN-2011-16418,11/3/2011,DL-13495,Dionis Lloyd,Faridabad,Haryana,India,TEC-CO-10003506,Technology,Copiers,"HP Fax Machine, Laser","? 1,199.76",4,? 395.88,Medium
IN-2011-17594,9/22/2011,DP-13165,David Philippe,Thane,Maharashtra,India,FUR-BO-10004537,Furniture,Bookcases,"Dania Floating Shelf Set, Mobile",? 687.48,4,? 254.28,High
IN-2011-51271,10/6/2011,EH-13990,Erica Hackney,Pune,Maharashtra,India,TEC-PH-10002806,Technology,Phones,"Apple Audio Dock, VoIP",? 667.92,4,? 153.60,High
IN-2011-32371,11/22/2011,JW-15955,Joni Wasserman,Kollam,Kerala,India,FUR-BO-10003945,Furniture,Bookcases,"Sauder 3-Shelf Cabinet, Metal",? 332.28,2,? 149.52,Critical
IN-2014-16852,6/18/2014,GW-14605,Giulietta Weimer,Chennai,Tamil Nadu,India,TEC-AC-10002533,Technology,Accessories,"Enermax Memory Card, USB",? 458.40,4,? 73.32,High
IN-2011-59685,8/4/2011,BM-11785,Bryan Mills,Tiruchchirappalli,Tamil Nadu,India,TEC-CO-10001204,Technology,Copiers,"Sharp Copy Machine, Color",? 963.36,4,? 154.08,Medium
IN-2011-73335,6/7/2011,EH-14125,Eugene Hildebrand,Bilaspur,Uttar Pradesh,India,TEC-CO-10000269,Technology,Copiers,"HP Ink, Laser",? 386.10,3,? 27.00,High
IN-2011-49129,3/21/2011,MV-18190,Mike Vittorini,Nellore,Andhra Pradesh,India,TEC-CO-10003992,Technology,Copiers,"HP Ink, Color",? 780.84,6,? 54.54,High
IN-2013-33596,8/10/2013,DL-13495,Dionis Lloyd,Tumkur,Karnataka,India,FUR-CH-10004082,Furniture,Chairs,"Office Star Chairmat, Black",? 887.46,14,? 319.20,Medium
IN-2013-33302,5/17/2013,SZ-20035,Sam Zeldin,Kalyan,Maharashtra,India,TEC-CO-10002788,Technology,Copiers,"Hewlett Personal Copier, Digital",? 575.64,4,? 270.48,High
IN-2013-35969,8/23/2013,SN-20560,Skye Norling,Raipur,Chhattisgarh,India,FUR-CH-10000783,Furniture,Chairs,"Office Star Executive Leather Armchair, Adjustable","? 1,409.76",3,? 169.11,Medium
IN-2011-14941,12/22/2011,DA-13450,Dianna Arnett,Guwahati,Assam,India,OFF-AP-10003032,Office Supplies,Appliances,"Hoover Stove, Red","? 1,136.94",2,? 45.42,Medium
IN-2011-67840,8/2/2011,VG-21805,Vivek Grady,Surat,Gujarat,India,FUR-CH-10000660,Furniture,Chairs,"Novimex Executive Leather Armchair, Adjustable",? 911.04,2,? 282.42,Medium
IN-2014-63766,11/22/2014,MK-18160,Mike Kennedy,Mangalore,Karnataka,India,FUR-BO-10003029,Furniture,Bookcases,"Sauder Library with Doors, Traditional","? 1,162.89",3,? 81.36,Medium
IN-2011-23530,11/9/2011,AS-10285,Alejandro Savely,Kanpur,Uttar Pradesh,India,TEC-PH-10004261,Technology,Phones,"Nokia Signal Booster, Full Size",? 275.58,2,? 77.16,Critical
IN-2011-46413,10/28/2011,RM-19375,Raymond Messe,Naihati,West Bengal,India,FUR-FU-10000735,Furniture,Furnishings,"Tenex Frame, Erganomic",? 434.40,4,? 65.16,Critical
IN-2012-64424,8/2/2012,TH-21115,Thea Hudgings,Ulhasnagar,Maharashtra,India,FUR-BO-10001580,Furniture,Bookcases,"Dania Stackable Bookrack, Pine","? 1,106.46",9,? 187.92,Medium
IN-2014-44089,6/11/2014,DG-13300,Deirdre Greer,Agra,Uttar Pradesh,India,FUR-CH-10004196,Furniture,Chairs,"Novimex Swivel Stool, Red",? 493.38,3,? 123.30,High
IN-2013-78809,1/22/2013,AG-10900,Arthur Gainer,Pune,Maharashtra,India,OFF-ST-10000622,Office Supplies,Storage,"Rogers File Cart, Single Width",? 568.32,4,? 45.36,High
IN-2013-22760,6/14/2013,VT-21700,Valerie Takahito,Ajmer,Rajasthan,India,FUR-BO-10001212,Furniture,Bookcases,"Safco Classic Bookcase, Mobile","? 1,322.01",3,? 145.35,Medium
IN-2011-39175,10/18/2011,NC-18625,Noah Childs,Allahabad,Uttar Pradesh,India,FUR-CH-10002060,Furniture,Chairs,"SAFCO Rocking Chair, Adjustable",? 961.80,7,? 163.38,Medium
IN-2012-53042,4/14/2012,FG-14260,Frank Gastineau,Aurangabad,Maharashtra,India,FUR-BO-10003549,Furniture,Bookcases,"Sauder Floating Shelf Set, Metal",? 970.20,5,? 145.50,High
IN-2014-14003,5/26/2014,GH-14425,Gary Hwang,Dewas,Madhya Pradesh,India,FUR-CH-10002890,Furniture,Chairs,"Office Star Chairmat, Adjustable",? 341.55,5,? 30.60,Critical
IN-2014-32770,10/7/2014,AP-10720,Anne Pryor,Jabalpur,Madhya Pradesh,India,TEC-CO-10003951,Technology,Copiers,"HP Copy Machine, High-Speed",? 487.38,2,? 107.22,High
IN-2013-66216,2/2/2013,ME-17725,Max Engle,Ratlam,Madhya Pradesh,India,OFF-ST-10000103,Office Supplies,Storage,"Smead Lockers, Industrial",? 397.80,2,? 55.68,High
IN-2012-40799,9/14/2012,AR-10345,Alex Russell,Kota,Chhattisgarh,India,TEC-MA-10002780,Technology,Machines,"Okidata Inkjet, Wireless",? 628.44,2,? 276.48,Medium
IN-2012-35143,1/23/2012,RO-19780,Rose O'Brian,Kollam,Kerala,India,TEC-MA-10000555,Technology,Machines,"Panasonic Card Printer, Red",? 683.88,4,? 0.00,Medium
IN-2014-54197,3/31/2014,DB-13405,Denny Blanton,Jaipur,Rajasthan,India,FUR-BO-10001874,Furniture,Bookcases,"Sauder Corner Shelving, Pine",? 743.25,5,? 133.65,High
IN-2012-49801,6/6/2012,JS-16030,Joy Smith,Agra,Uttar Pradesh,India,FUR-CH-10003760,Furniture,Chairs,"Office Star Bag Chairs, Set of Two",? 403.83,7,? 185.64,High
IN-2013-58873,8/6/2013,KH-16510,Keith Herrera,Patiala,Punjab,India,FUR-TA-10001237,Furniture,Tables,"Barricks Coffee Table, Fully Assembled","? 2,120.79",7,? 169.47,Medium
IN-2012-17335,10/9/2012,BF-11020,Barry Franz?sisch,Fatehpur,Rajasthan,India,TEC-MA-10000606,Technology,Machines,"Okidata Printer, White","? 1,334.55",5,? 360.30,Medium
IN-2012-47750,2/15/2012,NG-18430,Nathan Gelder,Chennai,Tamil Nadu,India,FUR-CH-10001397,Furniture,Chairs,"SAFCO Chairmat, Set of Two",? 248.28,4,? 86.88,Critical
IN-2014-17426,6/18/2014,DS-13030,Darrin Sayre,Imphal,Manipur,India,FUR-BO-10004699,Furniture,Bookcases,"Dania 3-Shelf Cabinet, Mobile",? 863.82,6,? 0.00,High
IN-2013-64452,7/8/2013,KH-16330,Katharine Harms,Darbhanga,Bihar,India,FUR-BO-10000670,Furniture,Bookcases,"Dania Corner Shelving, Metal",? 972.24,8,? 408.24,Medium
IN-2011-51271,10/6/2011,EH-13990,Erica Hackney,Pune,Maharashtra,India,TEC-PH-10003348,Technology,Phones,"Cisco Speaker Phone, with Caller ID",? 415.44,3,? 170.28,High
IN-2013-42087,10/30/2013,TB-21190,Thomas Brumley,Lucknow,Uttar Pradesh,India,OFF-AP-10001305,Office Supplies,Appliances,"Breville Microwave, White",? 899.55,3,? 323.82,Medium
IN-2014-62247,8/23/2014,CP-12340,Christine Phan,Lucknow,Uttar Pradesh,India,TEC-MA-10002998,Technology,Machines,"Okidata Receipt Printer, Durable",? 861.21,7,? 60.27,Medium
IN-2012-45909,10/5/2012,TB-21190,Thomas Brumley,Allahabad,Uttar Pradesh,India,TEC-CO-10003410,Technology,Copiers,"Brother Ink, High-Speed",? 873.00,6,? 384.12,Medium
IN-2011-69835,11/29/2011,LC-16960,Lindsay Castell,Rajkot,Gujarat,India,TEC-CO-10004535,Technology,Copiers,"Hewlett Fax Machine, High-Speed","? 1,272.48",4,? 458.04,Medium
IN-2013-18973,10/24/2013,GT-14635,Grant Thornton,Bareilly,Uttar Pradesh,India,FUR-CH-10004810,Furniture,Chairs,"Hon Swivel Stool, Set of Two",? 331.80,2,? 69.66,High
IN-2012-79103,1/2/2012,AR-10540,Andy Reiter,Jodhpur,Rajasthan,India,TEC-PH-10004261,Technology,Phones,"Nokia Signal Booster, Full Size",? 413.37,3,? 115.74,High
IN-2013-14675,6/26/2013,CS-12130,Chad Sievert,Bilaspur,Uttar Pradesh,India,TEC-CO-10002035,Technology,Copiers,"Canon Wireless Fax, High-Speed",? 753.72,2,? 60.24,Medium
IN-2014-13051,11/12/2014,LF-17185,Luke Foster,Visakhapatnam,Andhra Pradesh,India,FUR-FU-10001351,Furniture,Furnishings,"Rubbermaid Photo Frame, Black",? 621.00,12,? 99.36,High
IN-2014-53707,5/29/2014,DJ-13630,Doug Jacobs,Guntur,Andhra Pradesh,India,TEC-PH-10001321,Technology,Phones,"Cisco Speaker Phone, Full Size",? 838.62,6,? 176.04,Medium
IN-2011-15984,11/16/2011,SS-20410,Shahid Shariari,Amravati,Maharashtra,India,FUR-BO-10002510,Furniture,Bookcases,"Safco 3-Shelf Cabinet, Traditional",? 337.68,2,? 64.14,Critical
IN-2014-45258,8/22/2014,EB-14170,Evan Bailliet,Allahabad,Uttar Pradesh,India,FUR-CH-10004694,Furniture,Chairs,"Office Star Rocking Chair, Black",? 553.92,4,? 199.32,High
IN-2013-77766,1/7/2013,DJ-13420,Denny Joy,Korba,Chhattisgarh,India,FUR-BO-10003783,Furniture,Bookcases,"Dania Library with Doors, Pine","? 1,091.25",3,? 196.38,Medium
IN-2014-77689,6/28/2014,SC-20050,Sample Company A,Asansol,West Bengal,India,FUR-FU-10001557,Furniture,Furnishings,"Advantus Clock, Duo Pack",? 205.80,4,? 30.84,Critical
IN-2012-65915,6/4/2012,CC-12145,Charles Crestani,Pimpri,Maharashtra,India,FUR-BO-10000087,Furniture,Bookcases,"Dania Classic Bookcase, Mobile",? 826.56,2,? 41.28,High
IN-2012-55618,12/12/2012,MG-17695,Maureen Gnade,Belgaum,Karnataka,India,FUR-BO-10003206,Furniture,Bookcases,"Sauder Floating Shelf Set, Pine","? 1,175.58",6,? 117.54,Medium
IN-2011-69177,10/27/2011,SG-20080,Sandra Glassco,Gorakhpur,Haryana,India,FUR-BO-10003793,Furniture,Bookcases,"Bush 3-Shelf Cabinet, Metal","? 1,285.47",9,? 565.38,Medium
IN-2014-51572,8/8/2014,AO-10810,Anthony O'Donnell,Agra,Uttar Pradesh,India,TEC-MA-10003553,Technology,Machines,"Epson Printer, Red","? 1,039.08",4,? 93.48,Medium
IN-2012-24209,12/24/2012,AR-10570,Anemone Ratner,Tiruppur,Tamil Nadu,India,TEC-PH-10000896,Technology,Phones,"Cisco Signal Booster, VoIP",? 911.52,6,? 309.78,Medium
IN-2013-22760,6/14/2013,VT-21700,Valerie Takahito,Ajmer,Rajasthan,India,TEC-MA-10002827,Technology,Machines,"StarTech Printer, Red",? 759.96,3,? 30.33,Medium
IN-2014-34576,8/21/2014,CC-12100,Chad Cunningham,Bhubaneswar,Odisha,India,TEC-PH-10003927,Technology,Phones,"Nokia Audio Dock, with Caller ID",? 833.70,5,? 316.80,High
IN-2011-14941,12/22/2011,DA-13450,Dianna Arnett,Guwahati,Assam,India,TEC-AC-10002533,Technology,Accessories,"Enermax Memory Card, USB","? 1,031.40",9,? 164.97,Medium
IN-2011-27408,12/5/2011,LA-16780,Laura Armstrong,Varanasi,Uttar Pradesh,India,TEC-AC-10002533,Technology,Accessories,"Enermax Memory Card, USB",? 916.80,8,? 146.64,Medium
IN-2011-53203,12/21/2011,AH-10195,Alan Haines,Delhi,Delhi,India,FUR-CH-10000391,Furniture,Chairs,"Novimex Bag Chairs, Red",? 183.84,4,? 14.64,Critical
IN-2012-74854,8/16/2012,CG-12520,Claire Gute,Aurangabad,Maharashtra,India,OFF-ST-10002240,Office Supplies,Storage,"Fellowes Shelving, Blue",? 231.36,4,? 64.68,Critical
IN-2014-69688,7/3/2014,MC-17575,Matt Collins,Mau,Madhya Pradesh,India,TEC-AC-10001840,Technology,Accessories,"SanDisk Mouse, Erganomic",? 252.84,7,? 68.25,Critical
IN-2014-37320,11/11/2014,BF-11005,Barry Franz,Gorakhpur,Haryana,India,TEC-PH-10003813,Technology,Phones,"Samsung Signal Booster, VoIP",? 683.40,5,? 34.05,High
IN-2012-73930,2/7/2012,CD-12280,Christina DeMoss,Amritsar,Punjab,India,TEC-CO-10003113,Technology,Copiers,"Hewlett Fax Machine, Color","? 1,285.44",4,? 89.88,Medium
IN-2013-12757,6/7/2013,PS-18760,Pamela Stobb,Srinagar,Jammu and Kashmir,India,OFF-AP-10002186,Office Supplies,Appliances,"KitchenAid Toaster, Red",? 426.60,5,? 34.05,Critical
IN-2013-25042,8/12/2013,SC-20695,Steve Chapman,Amravati,Maharashtra,India,FUR-TA-10000665,Furniture,Tables,"Bevis Computer Table, Fully Assembled",? 989.04,2,? 88.98,Medium
IN-2013-33428,3/25/2013,JJ-15445,Jennifer Jackson,Ludhiana,Punjab,India,TEC-MA-10001627,Technology,Machines,"Konica Printer, White",? 798.75,3,? 311.49,Medium
IN-2013-63927,9/21/2013,EG-13900,Emily Grady,Bhavnagar,Gujarat,India,FUR-CH-10002250,Furniture,Chairs,"Office Star Executive Leather Armchair, Black",? 934.86,2,? 439.38,Medium
IN-2012-52111,11/30/2012,JH-16180,Justin Hirsh,Nizamabad,Telangana,India,TEC-AC-10003734,Technology,Accessories,"Memorex Numeric Keypad, Erganomic",? 280.26,6,? 128.88,Critical
IN-2014-63766,11/22/2014,MK-18160,Mike Kennedy,Mangalore,Karnataka,India,TEC-CO-10003496,Technology,Copiers,"Brother Wireless Fax, Digital","? 1,892.25",5,? 927.15,Medium
IN-2014-39371,9/12/2014,NH-18610,Nicole Hansen,Akola,Maharashtra,India,FUR-CH-10004196,Furniture,Chairs,"Novimex Swivel Stool, Red",? 822.30,5,? 205.50,Medium
IN-2014-49815,6/9/2014,RB-19330,Randy Bradley,Korba,Chhattisgarh,India,FUR-BO-10001874,Furniture,Bookcases,"Sauder Corner Shelving, Pine",? 445.95,3,? 80.19,Low
IN-2011-75218,5/31/2011,AH-10465,Amy Hunt,Belgaum,Karnataka,India,TEC-AC-10001463,Technology,Accessories,"Logitech Numeric Keypad, Programmable",? 382.56,8,? 68.64,Medium
IN-2012-33813,6/19/2012,CA-12055,Cathy Armstrong,Indore,Madhya Pradesh,India,FUR-CH-10000026,Furniture,Chairs,"SAFCO Rocking Chair, Black",? 529.92,4,? 21.12,High
IN-2014-13051,11/12/2014,LF-17185,Luke Foster,Visakhapatnam,Andhra Pradesh,India,TEC-PH-10003913,Technology,Phones,"Samsung Signal Booster, Cordless",? 697.20,5,? 132.45,High
IN-2011-16033,11/7/2011,LB-16795,Laurel Beltran,Gorakhpur,Haryana,India,FUR-BO-10003945,Furniture,Bookcases,"Sauder 3-Shelf Cabinet, Metal",? 830.70,5,? 373.80,Medium
IN-2012-75904,5/10/2012,BW-11110,Bart Watters,Jhansi,Uttar Pradesh,India,TEC-AC-10003217,Technology,Accessories,"Enermax Keyboard, USB",? 334.68,4,? 83.64,High
IN-2011-19421,8/30/2011,ST-20530,Shui Tom,Bhilwara,Rajasthan,India,TEC-PH-10000840,Technology,Phones,"Cisco Audio Dock, VoIP",? 728.64,4,? 225.84,High
IN-2014-74644,4/23/2014,PS-18970,Paul Stevenson,Parbhani,Maharashtra,India,TEC-PH-10003823,Technology,Phones,"Apple Headset, Full Size",? 298.20,4,? 116.28,High
IN-2013-51621,12/24/2013,SG-20080,Sandra Glassco,Tirunelveli,Tamil Nadu,India,FUR-TA-10002351,Furniture,Tables,"Hon Training Table, Adjustable Height",? 669.78,2,? 214.32,Medium
IN-2012-77773,12/6/2012,ME-17725,Max Engle,Gaya,Bihar,India,FUR-BO-10004541,Furniture,Bookcases,"Dania Library with Doors, Mobile",? 364.92,1,? 62.01,High
IN-2014-39371,9/12/2014,NH-18610,Nicole Hansen,Akola,Maharashtra,India,FUR-CH-10004600,Furniture,Chairs,"Harbour Creations Chairmat, Red",? 576.00,8,? 270.72,Medium
IN-2011-43109,9/27/2011,WB-21850,William Brown,Amravati,Maharashtra,India,FUR-BO-10001192,Furniture,Bookcases,"Bush Library with Doors, Mobile","? 1,100.52",3,? 473.22,Medium
IN-2014-68463,5/22/2014,DM-13345,Denise Monton,Bokaro,Jharkhand,India,OFF-BI-10003098,Office Supplies,Binders,"Ibico Binding Machine, Economy",? 205.68,4,? 80.16,Critical
IN-2012-11749,12/3/2012,SM-20905,Susan MacKendrick,Hyderabad,Telangana,India,FUR-CH-10001415,Furniture,Chairs,"Office Star Executive Leather Armchair, Red","? 1,409.04",3,? 436.77,High
IN-2012-46903,6/22/2012,JG-15310,Jason Gross,Bihar Sharif,Bihar,India,TEC-PH-10002104,Technology,Phones,"Cisco Speaker Phone, Cordless",? 565.32,4,? 163.92,Medium
IN-2013-22438,4/24/2013,TC-21475,Tony Chapman,Bangalore,Karnataka,India,TEC-PH-10003784,Technology,Phones,"Motorola Signal Booster, with Caller ID",? 286.26,2,? 19.98,Critical
IN-2013-61841,4/26/2013,CM-12385,Christopher Martinez,Bangalore,Karnataka,India,OFF-ST-10001357,Office Supplies,Storage,"Eldon Lockers, Single Width",? 395.88,2,? 71.22,High
IN-2012-38132,4/21/2012,NC-18340,Nat Carroll,Agra,Uttar Pradesh,India,TEC-PH-10004350,Technology,Phones,"Samsung Headset, Cordless",? 228.15,3,? 86.67,High
IN-2011-60063,8/30/2011,TS-21610,Troy Staebel,Coimbatore,Tamil Nadu,India,OFF-ST-10004837,Office Supplies,Storage,"Eldon File Cart, Single Width",? 383.76,3,? 22.95,High
ID-2012-43963,11/5/2012,CC-12685,Craig Carroll,Mumbai,Maharashtra,India,OFF-ST-10004583,Office Supplies,Storage,"Eldon Shelving, Single Width",? 339.15,14,-? 305.55,High
IN-2014-14780,10/17/2014,CR-12820,Cyra Reiten,Patna,Bihar,India,TEC-PH-10004358,Technology,Phones,"Samsung Office Telephone, Cordless",? 476.49,7,? 47.46,High
IN-2013-22760,6/14/2013,VT-21700,Valerie Takahito,Ajmer,Rajasthan,India,TEC-MA-10000429,Technology,Machines,"Konica Card Printer, Red",? 861.60,5,? 275.70,Medium
IN-2013-11448,2/6/2013,TC-21295,Toby Carlisle,Hubli,Karnataka,India,FUR-TA-10002860,Furniture,Tables,"Hon Training Table, with Bottom Storage",? 998.10,3,? 419.13,Medium
IN-2014-11427,6/13/2014,ED-13885,Emily Ducich,Indore,Madhya Pradesh,India,TEC-PH-10001619,Technology,Phones,"Cisco Signal Booster, Full Size","? 1,071.84",7,? 107.10,Medium
IN-2011-14983,10/10/2011,GH-14485,Gene Hale,Visakhapatnam,Andhra Pradesh,India,TEC-MA-10001311,Technology,Machines,"Epson Printer, Wireless","? 1,050.48",4,? 94.44,Medium
IN-2014-57172,3/10/2014,CB-12025,Cassandra Brandow,Baranagar,West Bengal,India,FUR-BO-10004043,Furniture,Bookcases,"Dania Classic Bookcase, Metal","? 1,230.66",3,? 24.57,Medium
IN-2014-57984,6/18/2014,CS-12505,Cindy Stewart,Gorakhpur,Haryana,India,TEC-CO-10001204,Technology,Copiers,"Sharp Copy Machine, Color",? 963.36,4,? 154.08,Medium
IN-2011-16418,11/3/2011,DL-13495,Dionis Lloyd,Faridabad,Haryana,India,FUR-CH-10003846,Furniture,Chairs,"Office Star Swivel Stool, Set of Two",? 880.95,5,? 0.00,Medium
IN-2014-65992,11/18/2014,Co-12640,Corey-Lock,Bangalore,Karnataka,India,TEC-PH-10000780,Technology,Phones,"Cisco Smart Phone, with Caller ID",? 654.24,1,? 268.23,Medium
IN-2011-43109,9/27/2011,WB-21850,William Brown,Amravati,Maharashtra,India,FUR-BO-10003887,Furniture,Bookcases,"Ikea Floating Shelf Set, Traditional","? 1,022.04",6,? 40.86,Medium
IN-2013-74203,8/14/2013,DV-13045,Darrin Van Huff,Nagpur,Maharashtra,India,TEC-PH-10003927,Technology,Phones,"Nokia Audio Dock, with Caller ID",? 333.48,2,? 126.72,High
IN-2012-55653,9/15/2012,DW-13585,Dorothy Wardle,Kanpur,Uttar Pradesh,India,FUR-BO-10001641,Furniture,Bookcases,"Bush 3-Shelf Cabinet, Traditional",? 716.85,5,? 250.80,High
IN-2012-47008,8/23/2012,FG-14260,Frank Gastineau,Jabalpur,Madhya Pradesh,India,TEC-PH-10002070,Technology,Phones,"Apple Headset, with Caller ID",? 439.56,6,? 61.38,Low
IN-2012-70325,1/11/2012,AB-10015,Aaron Bergman,Kolhapur,Maharashtra,India,TEC-AC-10002719,Technology,Accessories,"Enermax Router, Programmable","? 1,039.32",4,? 301.32,Medium
IN-2013-64452,7/8/2013,KH-16330,Katharine Harms,Darbhanga,Bihar,India,OFF-ST-10003953,Office Supplies,Storage,"Smead File Cart, Industrial",? 642.00,5,? 179.70,Medium
IN-2014-10020,11/30/2014,AH-10075,Adam Hart,Darbhanga,Bihar,India,OFF-ST-10003953,Office Supplies,Storage,"Smead File Cart, Industrial",? 642.00,5,? 179.70,Medium
IN-2013-34457,5/16/2013,MZ-17515,Mary Zewe,Jamnagar,Gujarat,India,TEC-PH-10004402,Technology,Phones,"Cisco Headset, with Caller ID",? 707.52,8,? 297.12,Medium
IN-2014-71102,1/6/2014,RD-19585,Rob Dowd,Patiala,Punjab,India,OFF-ST-10004837,Office Supplies,Storage,"Eldon File Cart, Single Width",? 511.68,4,? 30.60,High
IN-2014-65243,12/4/2014,BE-11455,Brad Eason,Moradabad,Uttar Pradesh,India,FUR-CH-10002224,Furniture,Chairs,"Hon Rocking Chair, Set of Two",? 398.61,3,? 15.93,High
IN-2011-53203,12/21/2011,AH-10195,Alan Haines,Delhi,Delhi,India,FUR-FU-10003094,Furniture,Furnishings,"Eldon Clock, Erganomic",? 220.56,4,? 110.28,Critical
IN-2013-70297,12/16/2013,LS-16975,Lindsay Shagiari,Ujjain,Madhya Pradesh,India,FUR-BO-10001860,Furniture,Bookcases,"Sauder Corner Shelving, Traditional",? 589.20,4,? 212.04,High
IN-2012-57123,10/20/2012,PK-18910,Paul Knutson,Pune,Maharashtra,India,TEC-PH-10004559,Technology,Phones,"Nokia Speaker Phone, with Caller ID",? 369.45,3,? 84.96,High
IN-2011-51964,12/28/2011,AB-10105,Adrian Barton,Kochi,Kerala,India,FUR-FU-10000606,Furniture,Furnishings,"Deflect-O Photo Frame, Durable",? 195.72,4,? 74.28,Critical
IN-2014-15585,10/15/2014,LP-17095,Liz Preis,Kolhapur,Maharashtra,India,FUR-BO-10002031,Furniture,Bookcases,"Sauder Classic Bookcase, Pine",? 874.68,2,? 192.42,Medium
IN-2014-20870,7/9/2014,EM-14140,Eugene Moren,Malegaon,Maharashtra,India,TEC-PH-10003075,Technology,Phones,"Samsung Signal Booster, Full Size",? 413.64,3,? 8.19,High
IN-2014-69205,8/13/2014,LC-16885,Lena Creighton,Guwahati,Assam,India,FUR-CH-10002932,Furniture,Chairs,"Harbour Creations Rocking Chair, Adjustable",? 448.74,3,? 44.82,Medium
IN-2011-73335,6/7/2011,EH-14125,Eugene Hildebrand,Bilaspur,Uttar Pradesh,India,TEC-CO-10001531,Technology,Copiers,"Hewlett Fax and Copier, Color",? 194.31,1,? 91.32,High
IN-2014-32770,10/7/2014,AP-10720,Anne Pryor,Jabalpur,Madhya Pradesh,India,TEC-PH-10004358,Technology,Phones,"Samsung Office Telephone, Cordless",? 340.35,5,? 33.90,High
IN-2013-26743,8/2/2013,MG-18205,Mitch Gastineau,Pune,Maharashtra,India,TEC-AC-10002884,Technology,Accessories,"Belkin Keyboard, USB",? 504.54,6,? 186.66,High
IN-2012-33813,6/19/2012,CA-12055,Cathy Armstrong,Indore,Madhya Pradesh,India,FUR-BO-10001326,Furniture,Bookcases,"Bush 3-Shelf Cabinet, Pine",? 434.16,3,? 73.80,High
IN-2014-10083,9/24/2014,HJ-14875,Heather Jas,Coimbatore,Tamil Nadu,India,FUR-FU-10004811,Furniture,Furnishings,"Eldon Door Stop, Erganomic",? 439.02,9,? 105.30,Critical
IN-2014-66076,8/6/2014,TT-21460,Tonja Turnell,Ludhiana,Punjab,India,TEC-PH-10000730,Technology,Phones,"Samsung Office Telephone, VoIP",? 326.55,5,? 146.85,Low
IN-2014-76114,8/8/2014,DB-13615,Doug Bickford,Agra,Uttar Pradesh,India,FUR-BO-10004699,Furniture,Bookcases,"Dania 3-Shelf Cabinet, Mobile",? 287.94,2,? 0.00,High
IN-2012-52496,9/10/2012,LD-17005,Lisa DeCherney,Ranchi,Jharkhand,India,OFF-ST-10003203,Office Supplies,Storage,"Eldon Lockers, Wire Frame",? 787.92,4,? 338.76,Medium
ID-2011-65152,11/28/2011,SC-20695,Steve Chapman,Mumbai,Maharashtra,India,FUR-CH-10004863,Furniture,Chairs,"SAFCO Swivel Stool, Black",? 413.78,5,-? 16.58,High
IN-2012-45979,10/3/2012,PF-19165,Philip Fox,Lucknow,Uttar Pradesh,India,TEC-PH-10003481,Technology,Phones,"Apple Office Telephone, Full Size",? 532.56,8,? 85.20,Medium
IN-2014-42276,11/17/2014,EH-13990,Erica Hackney,Jammu,Jammu and Kashmir,India,FUR-CH-10004065,Furniture,Chairs,"SAFCO Bag Chairs, Adjustable",? 415.44,8,? 66.24,Medium
IN-2013-64452,7/8/2013,KH-16330,Katharine Harms,Darbhanga,Bihar,India,FUR-FU-10001942,Furniture,Furnishings,"Eldon Frame, Duo Pack",? 697.86,6,? 209.34,Medium
IN-2014-49472,9/26/2014,RF-19840,Roy Franz?sisch,Kalyan,Maharashtra,India,FUR-CH-10002224,Furniture,Chairs,"Hon Rocking Chair, Set of Two",? 531.48,4,? 21.24,Medium
IN-2014-48982,7/17/2014,DH-13675,Duane Huffman,Nagercoil,Tamil Nadu,India,TEC-AC-10000596,Technology,Accessories,"Enermax Memory Card, Erganomic",? 448.80,4,? 188.40,High
IN-2013-41037,12/30/2013,SP-20545,Sibella Parks,Surat,Gujarat,India,FUR-CH-10002117,Furniture,Chairs,"Hon Steel Folding Chair, Red",? 732.78,9,? 278.37,Medium
IN-2011-40155,11/14/2011,CL-12700,Craig Leslie,Kulti,West Bengal,India,FUR-BO-10004852,Furniture,Bookcases,"Sauder Classic Bookcase, Traditional","? 1,307.97",3,? 483.93,Medium
IN-2014-60623,8/12/2014,PN-18775,Parhena Norris,Visakhapatnam,Andhra Pradesh,India,TEC-PH-10001730,Technology,Phones,"Motorola Signal Booster, Full Size",? 288.84,2,? 37.50,High
IN-2012-46903,6/22/2012,JG-15310,Jason Gross,Bihar Sharif,Bihar,India,FUR-CH-10003009,Furniture,Chairs,"Novimex Swivel Stool, Adjustable",? 500.85,3,? 125.19,Medium
IN-2013-29683,5/10/2013,AS-10225,Alan Schoenberger,Hyderabad,Telangana,India,FUR-BO-10004507,Furniture,Bookcases,"Ikea Corner Shelving, Metal",? 612.60,5,? 55.05,Medium
IN-2013-73342,11/13/2013,MH-17290,Marc Harrigan,Tirunelveli,Tamil Nadu,India,FUR-TA-10000403,Furniture,Tables,"Barricks Computer Table, Fully Assembled",? 477.84,1,? 14.31,Medium
IN-2013-18707,9/18/2013,JF-15190,Jamie Frazer,Indore,Madhya Pradesh,India,TEC-PH-10001805,Technology,Phones,"Nokia Speaker Phone, Full Size",? 497.76,4,? 94.56,Medium
IN-2011-43599,6/2/2011,JG-15805,John Grady,Agra,Uttar Pradesh,India,TEC-AC-10004487,Technology,Accessories,"Memorex Router, Erganomic",? 976.08,4,? 361.08,Medium
ID-2013-38776,8/19/2013,DR-12880,Dan Reichenbach,Mumbai,Maharashtra,India,FUR-BO-10000676,Furniture,Bookcases,"Bush Stackable Bookrack, Pine",? 567.14,9,-? 510.44,Medium
IN-2014-75267,11/18/2014,RB-19465,Rick Bensley,Agra,Uttar Pradesh,India,FUR-CH-10001797,Furniture,Chairs,"Harbour Creations Bag Chairs, Adjustable",? 448.77,7,? 170.52,High
IN-2013-55772,9/13/2013,TM-21010,Tamara Manning,Fatehpur,Rajasthan,India,TEC-PH-10002042,Technology,Phones,"Cisco Audio Dock, Full Size","? 1,283.52",7,? 205.17,Medium
IN-2013-49857,10/7/2013,SF-20200,Sarah Foster,Kanpur,Uttar Pradesh,India,FUR-CH-10000258,Furniture,Chairs,"Office Star Steel Folding Chair, Red",? 366.84,4,? 21.96,Medium
IN-2011-68904,9/26/2011,AH-10690,Anna H?berlin,Raipur,Uttarakhand,India,FUR-BO-10004806,Furniture,Bookcases,"Safco Corner Shelving, Traditional",? 747.30,5,? 283.95,Medium
IN-2013-27247,9/11/2013,LB-16795,Laurel Beltran,Thanjavur,Tamil Nadu,India,FUR-FU-10004780,Furniture,Furnishings,"Deflect-O Frame, Duo Pack",? 770.70,7,? 7.56,Medium
IN-2014-48940,8/19/2014,JK-15325,Jason Klamczynski,Bhubaneswar,Odisha,India,OFF-BI-10001645,Office Supplies,Binders,"Ibico Binding Machine, Recycled",? 362.46,7,? 36.12,Medium
IN-2012-68358,6/7/2012,ML-18265,Muhammed Lee,Nellore,Andhra Pradesh,India,FUR-BO-10000402,Furniture,Bookcases,"Sauder Stackable Bookrack, Traditional",? 438.84,3,? 65.79,High
IN-2013-50515,11/11/2013,DK-13090,Dave Kipp,Tirunelveli,Tamil Nadu,India,TEC-PH-10000840,Technology,Phones,"Cisco Audio Dock, VoIP",? 364.32,2,? 112.92,High
IN-2013-30663,11/25/2013,SV-20815,Stuart Van,Vadodara,Gujarat,India,FUR-CH-10004584,Furniture,Chairs,"Office Star Steel Folding Chair, Set of Two",? 281.88,3,? 121.14,Critical
IN-2012-48548,5/11/2012,RB-19360,Raymond Buch,Bhopal,Madhya Pradesh,India,FUR-CH-10003861,Furniture,Chairs,"Novimex Rocking Chair, Set of Two",? 401.04,3,? 176.40,High
IN-2014-13051,11/12/2014,LF-17185,Luke Foster,Visakhapatnam,Andhra Pradesh,India,TEC-MA-10003441,Technology,Machines,"Okidata Inkjet, Wireless",? 628.20,2,? 270.12,High
IN-2014-28192,1/9/2014,JW-16075,Julia West,Ajmer,Rajasthan,India,TEC-CO-10003448,Technology,Copiers,"Canon Ink, Laser",? 294.30,2,? 135.36,High
IN-2013-62205,1/2/2013,TP-21415,Tom Prescott,Delhi,Delhi,India,TEC-PH-10004559,Technology,Phones,"Nokia Speaker Phone, with Caller ID",? 369.45,3,? 84.96,High
IN-2011-12554,12/30/2011,YC-21895,Yoseph Carroll,Bangalore,Karnataka,India,FUR-BO-10001874,Furniture,Bookcases,"Sauder Corner Shelving, Pine",? 743.25,5,? 133.65,Medium
IN-2012-31958,7/25/2012,JC-15775,John Castell,Satna,Madhya Pradesh,India,OFF-ST-10000078,Office Supplies,Storage,"Eldon Trays, Single Width",? 336.00,7,? 23.52,High
IN-2013-27247,9/11/2013,LB-16795,Laurel Beltran,Thanjavur,Tamil Nadu,India,TEC-PH-10001354,Technology,Phones,"Motorola Speaker Phone, Full Size",? 655.35,5,? 183.45,Medium
IN-2014-28675,4/17/2014,AF-10870,Art Ferguson,Saharanpur,Uttar Pradesh,India,FUR-BO-10003408,Furniture,Bookcases,"Ikea 3-Shelf Cabinet, Metal",? 567.60,4,? 113.52,Medium
IN-2011-56710,9/10/2011,TS-21340,Toby Swindell,Durgapur,Maharashtra,India,TEC-PH-10000822,Technology,Phones,"Apple Speaker Phone, Full Size",? 249.18,2,? 59.76,High
IN-2014-66076,8/6/2014,TT-21460,Tonja Turnell,Ludhiana,Punjab,India,TEC-CO-10001410,Technology,Copiers,"Canon Personal Copier, High-Speed",? 422.82,3,? 12.60,Low
IN-2013-35787,12/24/2013,KE-16420,Katrina Edelman,Jodhpur,Rajasthan,India,TEC-CO-10001419,Technology,Copiers,"Hewlett Copy Machine, Color",? 530.22,2,? 15.90,Medium
IN-2013-29683,5/10/2013,AS-10225,Alan Schoenberger,Hyderabad,Telangana,India,FUR-CH-10001147,Furniture,Chairs,"Hon Swivel Stool, Adjustable",? 830.70,5,? 74.70,Medium
IN-2013-78809,1/22/2013,AG-10900,Arthur Gainer,Pune,Maharashtra,India,FUR-BO-10001155,Furniture,Bookcases,"Dania 3-Shelf Cabinet, Traditional",? 424.35,3,? 25.38,High
IN-2014-71067,5/13/2014,NZ-18565,Nick Zandusky,Hyderabad,Telangana,India,OFF-ST-10004315,Office Supplies,Storage,"Rogers Lockers, Blue",? 423.24,2,? 21.12,Medium
IN-2011-77479,8/25/2011,CW-11905,Carl Weiss,Guntur,Andhra Pradesh,India,FUR-CH-10004163,Furniture,Chairs,"Novimex Steel Folding Chair, Adjustable",? 423.60,5,? 84.60,High
IN-2012-68883,10/25/2012,ML-17410,Maris LaWare,Tiruchchirappalli,Tamil Nadu,India,TEC-AC-10000861,Technology,Accessories,"SanDisk Router, Erganomic",? 762.48,3,? 121.95,Medium
IN-2013-76835,8/12/2013,RA-19285,Ralph Arnett,Mangalore,Karnataka,India,TEC-PH-10004300,Technology,Phones,"Apple Office Telephone, Cordless",? 408.78,6,? 192.06,High
IN-2013-22179,5/23/2013,SP-20620,Stefania Perrino,Ludhiana,Punjab,India,OFF-PA-10001968,Office Supplies,Paper,"Eaton Computer Printout Paper, 8.5 x 11",? 122.76,4,? 42.96,Critical
IN-2014-15872,10/1/2014,JL-15235,Janet Lee,Kalyan,Maharashtra,India,OFF-AR-10004749,Office Supplies,Art,"BIC Canvas, Blue",? 375.90,7,? 7.35,Medium
IN-2011-49087,9/20/2011,HR-14830,Harold Ryan,Mau,Madhya Pradesh,India,TEC-PH-10004261,Technology,Phones,"Nokia Signal Booster, Full Size",? 551.16,4,? 154.32,Medium
IN-2014-75603,12/31/2014,BS-11365,Bill Shonely,Vijayawada,Andhra Pradesh,India,OFF-SU-10001618,Office Supplies,Supplies,"Kleencut Letter Opener, Easy Grip",? 258.12,9,? 92.88,Medium
IN-2014-71928,3/4/2014,AC-10615,Ann Chong,Ajmer,Rajasthan,India,TEC-PH-10003556,Technology,Phones,"Samsung Speaker Phone, VoIP",? 493.32,4,? 172.56,Medium
IN-2013-22438,4/24/2013,TC-21475,Tony Chapman,Bangalore,Karnataka,India,FUR-CH-10001477,Furniture,Chairs,"Novimex Chairmat, Black",? 215.64,4,? 92.64,Critical
IN-2014-54197,3/31/2014,DB-13405,Denny Blanton,Jaipur,Rajasthan,India,TEC-CO-10002197,Technology,Copiers,"Hewlett Fax and Copier, High-Speed",? 382.14,2,? 145.20,High
IN-2014-74672,10/6/2014,DR-12940,Daniel Raglin,Srinagar,Uttarakhand,India,TEC-AC-10003989,Technology,Accessories,"Enermax Numeric Keypad, Bluetooth",? 172.62,3,? 58.68,Critical
IN-2013-70297,12/16/2013,LS-16975,Lindsay Shagiari,Ujjain,Madhya Pradesh,India,OFF-ST-10004060,Office Supplies,Storage,"Fellowes Lockers, Blue",? 621.99,3,? 267.39,High
IN-2014-20870,7/9/2014,EM-14140,Eugene Moren,Malegaon,Maharashtra,India,TEC-CO-10003982,Technology,Copiers,"HP Ink, High-Speed",? 507.60,4,? 218.16,High
IN-2014-65243,12/4/2014,BE-11455,Brad Eason,Moradabad,Uttar Pradesh,India,TEC-AC-10002833,Technology,Accessories,"Logitech Mouse, USB",? 235.92,8,? 51.84,High
IN-2014-55912,8/9/2014,RR-19315,Ralph Ritter,Raipur,Chhattisgarh,India,TEC-PH-10004959,Technology,Phones,"Motorola Audio Dock, with Caller ID",? 520.11,3,? 244.44,Medium
IN-2014-19967,8/12/2014,CC-12685,Craig Carroll,Visakhapatnam,Andhra Pradesh,India,TEC-CO-10000565,Technology,Copiers,"Canon Fax and Copier, Color",? 578.34,3,? 277.56,Medium
IN-2014-65194,3/27/2014,AF-10870,Art Ferguson,Aurangabad,Bihar,India,TEC-AC-10003640,Technology,Accessories,"SanDisk Mouse, Programmable",? 318.48,8,? 6.24,Medium
IN-2011-48009,12/17/2011,BD-11635,Brian Derr,Jaipur,Rajasthan,India,TEC-MA-10001627,Technology,Machines,"Konica Printer, White",? 532.50,2,? 207.66,Medium
IN-2013-25532,3/12/2013,CC-12370,Christopher Conant,Cuttack,Odisha,India,OFF-PA-10000579,Office Supplies,Paper,"Xerox Computer Printout Paper, Recycled",? 236.25,9,? 82.62,High
IN-2013-73342,11/13/2013,MH-17290,Marc Harrigan,Tirunelveli,Tamil Nadu,India,FUR-FU-10000394,Furniture,Furnishings,"Rubbermaid Photo Frame, Durable",? 536.58,11,? 252.12,Medium
IN-2013-26029,12/20/2013,KH-16510,Keith Herrera,Ludhiana,Punjab,India,OFF-SU-10004401,Office Supplies,Supplies,"Acme Shears, High Speed",? 349.44,7,? 122.22,Medium
IN-2011-25035,8/12/2011,SN-20560,Skye Norling,Amritsar,Punjab,India,TEC-AC-10000284,Technology,Accessories,"Belkin Flash Drive, Bluetooth",? 251.64,6,? 72.90,Critical
IN-2011-51117,12/15/2011,DM-13525,Don Miller,Vijayawada,Andhra Pradesh,India,FUR-CH-10000294,Furniture,Chairs,"Office Star Swivel Stool, Red",? 869.70,5,? 191.25,Medium
IN-2014-46777,1/25/2014,KD-16345,Katherine Ducich,Surat,Gujarat,India,TEC-CO-10001703,Technology,Copiers,"Brother Copy Machine, Laser",? 785.79,3,? 369.27,Medium
IN-2012-74168,10/20/2012,JM-15535,Jessica Myrick,Thane,Maharashtra,India,FUR-BO-10002308,Furniture,Bookcases,"Safco Floating Shelf Set, Metal",? 784.80,4,? 156.96,Medium
IN-2013-62205,1/2/2013,TP-21415,Tom Prescott,Delhi,Delhi,India,TEC-PH-10003823,Technology,Phones,"Apple Headset, Full Size",? 149.10,2,? 58.14,High
IN-2012-64221,7/5/2012,AO-10810,Anthony O'Donnell,Ludhiana,Punjab,India,TEC-MA-10004423,Technology,Machines,"StarTech Card Printer, White",? 485.73,3,? 189.36,Medium
IN-2012-40638,10/19/2012,FH-14275,Frank Hawley,Durgapur,Maharashtra,India,TEC-PH-10004675,Technology,Phones,"Nokia Audio Dock, VoIP",? 333.66,2,? 103.38,Medium
IN-2012-48520,1/26/2012,AJ-10945,Ashley Jarboe,Puducherry,Puducherry,India,TEC-CO-10002040,Technology,Copiers,"Brother Fax Machine, Digital",? 636.36,2,? 267.24,Medium
IN-2012-41415,6/8/2012,HG-14845,Harry Greene,Meerut,Uttar Pradesh,India,OFF-EN-10002556,Office Supplies,Envelopes,"Ames Business Envelopes, Recycled",? 102.24,6,? 43.92,Critical
IN-2012-55653,9/15/2012,DW-13585,Dorothy Wardle,Kanpur,Uttar Pradesh,India,TEC-AC-10003969,Technology,Accessories,"SanDisk Memory Card, USB",? 225.24,2,? 110.34,High
IN-2014-34877,5/2/2014,LT-17110,Liz Thompson,Durgapur,Maharashtra,India,TEC-PH-10003488,Technology,Phones,"Nokia Signal Booster, VoIP",? 819.54,6,? 139.32,Medium
IN-2013-74231,9/20/2013,KT-16465,Kean Takahito,Belgaum,Karnataka,India,FUR-FU-10003414,Furniture,Furnishings,"Tenex Clock, Duo Pack",? 251.55,5,? 98.10,High
IN-2013-76296,9/26/2013,SG-20470,Sheri Gordon,Kota,Rajasthan,India,OFF-AP-10002371,Office Supplies,Appliances,"KitchenAid Blender, Silver",? 691.95,7,? 297.36,Medium
IN-2012-59538,8/14/2012,PO-18850,Patrick O'Brill,Hisar,Haryana,India,TEC-PH-10004680,Technology,Phones,"Samsung Speaker Phone, with Caller ID",? 369.72,3,? 166.32,Medium
IN-2013-52972,12/31/2013,BD-11620,Brian DeCherney,Malegaon,Maharashtra,India,OFF-PA-10001258,Office Supplies,Paper,"Green Bar Cards & Envelopes, Multicolor",? 498.00,10,? 44.70,Medium
IN-2014-76555,9/17/2014,HG-14845,Harry Greene,Ajmer,Rajasthan,India,OFF-BI-10004589,Office Supplies,Binders,"Avery Binding Machine, Economy",? 244.20,5,? 34.05,High
IN-2014-11693,9/15/2014,ND-18370,Natalie DeCherney,Faridabad,Haryana,India,OFF-ST-10002499,Office Supplies,Storage,"Fellowes Shelving, Single Width",? 231.48,4,? 30.00,High
IN-2014-46616,3/22/2014,VP-21730,Victor Preis,Faridabad,Haryana,India,FUR-CH-10002091,Furniture,Chairs,"Harbour Creations Swivel Stool, Set of Two",? 364.74,2,? 123.96,High
IN-2014-65488,7/17/2014,CP-12340,Christine Phan,Aurangabad,Bihar,India,TEC-MA-10004997,Technology,Machines,"Konica Receipt Printer, Red",? 597.00,5,? 77.55,Medium
IN-2011-12554,12/30/2011,YC-21895,Yoseph Carroll,Bangalore,Karnataka,India,OFF-ST-10003203,Office Supplies,Storage,"Eldon Lockers, Wire Frame",? 787.92,4,? 338.76,Medium
IN-2013-31601,6/17/2013,KB-16405,Katrina Bavinger,Pune,Maharashtra,India,FUR-CH-10002940,Furniture,Chairs,"Harbour Creations Chairmat, Black",? 417.42,6,? 45.90,Medium
IN-2014-18532,10/16/2014,AP-10915,Arthur Prichep,Guwahati,Assam,India,FUR-CH-10000026,Furniture,Chairs,"SAFCO Rocking Chair, Black",? 264.96,2,? 10.56,High
IN-2014-47449,7/12/2014,CD-12280,Christina DeMoss,Delhi,Delhi,India,FUR-CH-10004082,Furniture,Chairs,"Office Star Chairmat, Black",? 443.73,7,? 159.60,Medium
IN-2014-76555,9/17/2014,HG-14845,Harry Greene,Ajmer,Rajasthan,India,FUR-CH-10001397,Furniture,Chairs,"SAFCO Chairmat, Set of Two",? 310.35,5,? 108.60,High
IN-2011-56710,9/10/2011,TS-21340,Toby Swindell,Durgapur,Maharashtra,India,FUR-CH-10003580,Furniture,Chairs,"Harbour Creations Bag Chairs, Black",? 414.33,7,? 202.86,High
IN-2014-74504,9/9/2014,EK-13795,Eileen Kiefer,Bangalore,Karnataka,India,OFF-ST-10003837,Office Supplies,Storage,"Tenex Lockers, Single Width",? 408.36,2,? 57.12,Medium
IN-2012-24797,10/29/2012,SS-20410,Shahid Shariari,Karimnagar,Telangana,India,OFF-BI-10000089,Office Supplies,Binders,"Wilson Jones 3-Hole Punch, Recycled",? 170.10,6,? 83.34,High
IN-2013-15732,10/1/2013,RK-19300,Ralph Kennedy,Delhi,Delhi,India,OFF-ST-10003141,Office Supplies,Storage,"Fellowes Trays, Industrial",? 173.61,3,? 32.94,High
IN-2014-68463,5/22/2014,DM-13345,Denise Monton,Bokaro,Jharkhand,India,FUR-BO-10004806,Furniture,Bookcases,"Safco Corner Shelving, Traditional",? 149.46,1,? 56.79,Critical
IN-2012-32882,8/17/2012,TR-21325,Toby Ritter,Kanpur,Uttar Pradesh,India,FUR-FU-10003451,Furniture,Furnishings,"Eldon Frame, Black",? 581.25,5,? 46.50,Medium
IN-2013-76590,6/25/2013,JC-15385,Jenna Caffey,Lucknow,Uttar Pradesh,India,FUR-BO-10001708,Furniture,Bookcases,"Safco Stackable Bookrack, Pine",? 303.00,2,? 60.60,High
IN-2013-71333,9/13/2013,JE-15610,Jim Epp,Amravati,Maharashtra,India,FUR-CH-10002510,Furniture,Chairs,"Office Star Steel Folding Chair, Adjustable",? 282.60,3,? 129.96,Critical
ID-2013-35094,3/29/2013,JM-15580,Jill Matthias,Mumbai,Maharashtra,India,FUR-TA-10002172,Furniture,Tables,"Hon Conference Table, Rectangular",? 919.05,2,-? 128.67,Medium
IN-2013-53742,3/25/2013,AH-10030,Aaron Hawkins,Warangal,Telangana,India,FUR-CH-10002966,Furniture,Chairs,"Harbour Creations Swivel Stool, Red",? 360.24,2,? 10.80,Medium
IN-2012-77234,12/3/2012,MC-17275,Marc Crier,Dhule,Maharashtra,India,TEC-MA-10003631,Technology,Machines,"Okidata Card Printer, Wireless",? 879.15,5,? 35.10,Medium
IN-2013-46091,7/1/2013,KH-16360,Katherine Hughes,Chennai,Tamil Nadu,India,FUR-CH-10004331,Furniture,Chairs,"SAFCO Rocking Chair, Red",? 674.55,5,? 195.60,Medium
IN-2014-15872,10/1/2014,JL-15235,Janet Lee,Kalyan,Maharashtra,India,OFF-PA-10000453,Office Supplies,Paper,"Xerox Cards & Envelopes, 8.5 x 11",? 392.88,8,? 137.28,Medium
IN-2012-74028,10/12/2012,JF-15490,Jeremy Farry,Kota,Chhattisgarh,India,TEC-PH-10004300,Technology,Phones,"Apple Office Telephone, Cordless",? 272.52,4,? 128.04,Medium
IN-2014-76114,8/8/2014,DB-13615,Doug Bickford,Agra,Uttar Pradesh,India,FUR-FU-10000735,Furniture,Furnishings,"Tenex Frame, Erganomic",? 217.20,2,? 32.58,High
IN-2012-42045,6/27/2012,KD-16345,Katherine Ducich,Belgaum,Karnataka,India,FUR-BO-10003408,Furniture,Bookcases,"Ikea 3-Shelf Cabinet, Metal",? 425.70,3,? 85.14,High
IN-2012-13345,6/28/2012,BN-11470,Brad Norvell,Meerut,Uttar Pradesh,India,FUR-BO-10002390,Furniture,Bookcases,"Ikea Library with Doors, Metal",? 725.70,2,? 65.28,High
IN-2014-24377,3/1/2014,BS-11755,Bruce Stewart,Asansol,West Bengal,India,TEC-CO-10001482,Technology,Copiers,"Sharp Ink, High-Speed",? 735.66,6,? 95.58,Medium
IN-2013-46854,9/14/2013,AH-10075,Adam Hart,Gorakhpur,Uttar Pradesh,India,TEC-PH-10001321,Technology,Phones,"Cisco Speaker Phone, Full Size",? 698.85,5,? 146.70,High
IN-2014-40932,9/25/2014,TG-21640,Trudy Glocke,Bhiwandi,Maharashtra,India,OFF-AR-10003554,Office Supplies,Art,"Stanley Canvas, Blue",? 247.35,5,? 56.85,High
ID-2013-62177,10/17/2013,JW-16075,Julia West,Mumbai,Maharashtra,India,FUR-BO-10000670,Furniture,Bookcases,"Dania Corner Shelving, Metal",? 486.12,8,-? 77.88,Medium
IN-2012-43081,4/7/2012,JS-15685,Jim Sink,Delhi,Delhi,India,TEC-CO-10000427,Technology,Copiers,"HP Fax Machine, Color",? 602.76,2,? 186.84,Medium
IN-2014-61218,8/20/2014,DW-13195,David Wiener,Bhiwandi,Maharashtra,India,FUR-FU-10003939,Furniture,Furnishings,"Tenex Photo Frame, Duo Pack",? 311.40,6,? 111.96,High
IN-2014-14780,10/17/2014,CR-12820,Cyra Reiten,Patna,Bihar,India,OFF-ST-10004768,Office Supplies,Storage,"Eldon Lockers, Industrial",? 595.17,3,? 249.93,High
IN-2013-27639,4/4/2013,GZ-14545,George Zrebassa,Tiruchchirappalli,Tamil Nadu,India,TEC-CO-10000452,Technology,Copiers,"HP Copy Machine, Laser",? 729.99,3,? 7.29,Medium
IN-2013-25651,9/16/2013,LE-16810,Laurel Elliston,Patna,Bihar,India,OFF-AR-10003684,Office Supplies,Art,"BIC Sketch Pad, Fluorescent",? 149.76,3,? 53.91,Critical
IN-2012-18518,10/4/2012,TT-21070,Ted Trevino,Agra,Uttar Pradesh,India,OFF-AR-10002109,Office Supplies,Art,"Binney & Smith Sketch Pad, Fluorescent",? 285.48,6,? 79.92,High
IN-2012-13828,1/13/2012,LS-17200,Luke Schmidt,Agra,Uttar Pradesh,India,TEC-PH-10001585,Technology,Phones,"Nokia Signal Booster, Cordless",? 278.70,2,? 52.92,High
IN-2014-50151,11/1/2014,CS-12175,Charles Sheldon,Vadodara,Gujarat,India,OFF-AP-10002938,Office Supplies,Appliances,"KitchenAid Toaster, Black",? 169.50,2,? 15.24,Critical
IN-2014-59706,5/28/2014,VP-21760,Victoria Pisteka,Guwahati,Assam,India,FUR-BO-10001708,Furniture,Bookcases,"Safco Stackable Bookrack, Pine",? 454.50,3,? 90.90,Medium
IN-2012-53357,6/2/2012,RA-19885,Ruben Ausman,Pimpri,Maharashtra,India,FUR-BO-10001326,Furniture,Bookcases,"Bush 3-Shelf Cabinet, Pine",? 434.16,3,? 73.80,Medium
IN-2013-11301,5/19/2013,PO-18850,Patrick O'Brill,Chennai,Tamil Nadu,India,TEC-PH-10001917,Technology,Phones,"Apple Signal Booster, Cordless",? 418.50,3,? 33.48,High
IN-2014-16082,10/6/2014,SC-20305,Sean Christensen,Dhule,Maharashtra,India,TEC-PH-10001362,Technology,Phones,"Cisco Office Telephone, Cordless",? 333.24,4,? 79.92,Medium
IN-2013-53819,11/25/2013,TB-21595,Troy Blackwell,Patna,Bihar,India,FUR-FU-10004509,Furniture,Furnishings,"Advantus Door Stop, Duo Pack",? 180.36,4,? 52.20,High
IN-2014-29074,11/7/2014,CS-12250,Chris Selesnick,Ajmer,Rajasthan,India,OFF-AP-10001670,Office Supplies,Appliances,"Hoover Coffee Grinder, White",? 401.58,6,? 16.02,Medium
IN-2014-37166,4/24/2014,Dp-13240,Dean percer,Coimbatore,Tamil Nadu,India,FUR-BO-10001541,Furniture,Bookcases,"Bush Stackable Bookrack, Traditional",? 860.79,7,? 68.67,Medium
IN-2014-14458,1/24/2014,GT-14755,Guy Thornton,Brahmapur,Odisha,India,FUR-BO-10003706,Furniture,Bookcases,"Sauder Stackable Bookrack, Pine",? 296.34,2,? 142.20,Low
IN-2014-19820,8/18/2014,LF-17185,Luke Foster,Panihati,West Bengal,India,OFF-SU-10000062,Office Supplies,Supplies,"Stiletto Scissors, High Speed",? 94.44,4,? 1.80,Critical
IN-2011-78823,9/15/2011,ME-17725,Max Engle,Raipur,Rajasthan,India,FUR-FU-10004820,Furniture,Furnishings,"Advantus Photo Frame, Erganomic",? 361.20,7,? 155.19,Medium
IN-2014-65992,11/18/2014,Co-12640,Corey-Lock,Bangalore,Karnataka,India,OFF-EN-10000699,Office Supplies,Envelopes,"Cameo Interoffice Envelope, Set of 50",? 379.44,8,? 174.48,Medium
IN-2013-51103,4/9/2013,JG-15160,James Galang,Chandigarh,Chandigarh,India,OFF-BI-10002562,Office Supplies,Binders,"Ibico Binding Machine, Durable",? 158.76,3,? 65.07,Critical
IN-2011-23530,11/9/2011,AS-10285,Alejandro Savely,Kanpur,Uttar Pradesh,India,OFF-PA-10000579,Office Supplies,Paper,"Xerox Computer Printout Paper, Recycled",? 183.75,7,? 64.26,Critical
IN-2012-74168,10/20/2012,JM-15535,Jessica Myrick,Thane,Maharashtra,India,TEC-MA-10000473,Technology,Machines,"Epson Receipt Printer, Durable",? 468.60,4,? 182.64,Medium
ID-2011-71851,5/10/2011,MK-17905,Michael Kennedy,Mumbai,Maharashtra,India,TEC-AC-10004012,Technology,Accessories,"Enermax Flash Drive, Erganomic",? 117.99,6,-? 18.99,High
ID-2013-74882,1/12/2013,RH-19510,Rick Huthwaite,Mumbai,Maharashtra,India,TEC-CO-10003917,Technology,Copiers,"HP Fax and Copier, Digital",? 345.06,4,-? 20.82,High
IN-2012-32805,12/19/2012,AF-10885,Art Foster,Solapur,Maharashtra,India,OFF-SU-10001686,Office Supplies,Supplies,"Kleencut Trimmer, Easy Grip",? 258.30,6,? 46.44,High
IN-2013-78809,1/22/2013,AG-10900,Arthur Gainer,Pune,Maharashtra,India,OFF-ST-10003206,Office Supplies,Storage,"Eldon Shelving, Blue",? 193.68,4,? 90.96,High
IN-2012-57116,9/11/2012,NM-18445,Nathan Mautz,Guwahati,Assam,India,OFF-SU-10001346,Office Supplies,Supplies,"Stiletto Shears, Steel",? 142.47,3,? 14.22,High
IN-2012-74168,10/20/2012,JM-15535,Jessica Myrick,Thane,Maharashtra,India,FUR-CH-10002224,Furniture,Chairs,"Hon Rocking Chair, Set of Two",? 398.61,3,? 15.93,Medium
IN-2012-79012,3/27/2012,JF-15490,Jeremy Farry,Hyderabad,Telangana,India,TEC-PH-10003752,Technology,Phones,"Nokia Office Telephone, VoIP",? 130.44,2,? 45.60,High
IN-2012-43081,4/7/2012,JS-15685,Jim Sink,Delhi,Delhi,India,TEC-CO-10002350,Technology,Copiers,"Canon Wireless Fax, Digital","? 1,134.90",3,? 45.36,Medium
IN-2012-65915,6/4/2012,CC-12145,Charles Crestani,Pimpri,Maharashtra,India,FUR-BO-10001461,Furniture,Bookcases,"Safco Floating Shelf Set, Traditional",? 196.74,1,? 98.37,High
ID-2013-26806,11/21/2013,PR-18880,Patrick Ryan,Mumbai,Maharashtra,India,TEC-PH-10000688,Technology,Phones,"Nokia Speaker Phone, VoIP",? 369.72,6,-? 140.58,Medium
IN-2014-65334,8/6/2014,MM-18280,Muhammed MacIntyre,Bihar Sharif,Bihar,India,FUR-BO-10004537,Furniture,Bookcases,"Dania Floating Shelf Set, Mobile",? 171.87,1,? 63.57,Medium
IN-2014-40428,8/13/2014,AS-10135,Adrian Shami,Bilaspur,Uttar Pradesh,India,TEC-AC-10001254,Technology,Accessories,"Enermax Memory Card, Programmable",? 579.45,5,? 225.90,Medium
IN-2011-18959,11/2/2011,CA-12775,Cynthia Arntzen,Satna,Madhya Pradesh,India,TEC-CO-10000972,Technology,Copiers,"Sharp Fax and Copier, Digital",? 504.72,3,? 232.11,Medium
IN-2013-20107,4/18/2013,FG-14260,Frank Gastineau,Nagpur,Maharashtra,India,FUR-BO-10001580,Furniture,Bookcases,"Dania Stackable Bookrack, Pine",? 491.76,4,? 83.52,Medium
IN-2014-37320,11/11/2014,BF-11005,Barry Franz,Gorakhpur,Haryana,India,OFF-ST-10001554,Office Supplies,Storage,"Eldon Folders, Industrial",? 244.44,14,? 7.14,High
IN-2014-14374,12/15/2014,EM-14065,Erin Mull,Vadodara,Gujarat,India,OFF-SU-10002649,Office Supplies,Supplies,"Elite Shears, Serrated",? 393.39,9,? 145.53,High
IN-2013-63829,8/1/2013,DW-13480,Dianna Wilson,Ulhasnagar,Maharashtra,India,OFF-PA-10002047,Office Supplies,Paper,"Green Bar Cards & Envelopes, 8.5 x 11",? 367.71,7,? 44.10,Medium
IN-2012-75904,5/10/2012,BW-11110,Bart Watters,Jhansi,Uttar Pradesh,India,OFF-EN-10000328,Office Supplies,Envelopes,"Kraft Business Envelopes, Set of 50",? 179.82,9,? 68.31,High
IN-2013-49577,7/22/2013,SC-20020,Sam Craven,Delhi,Delhi,India,FUR-CH-10003822,Furniture,Chairs,"SAFCO Steel Folding Chair, Adjustable",? 705.60,8,? 331.44,Medium
IN-2014-69205,8/13/2014,LC-16885,Lena Creighton,Guwahati,Assam,India,FUR-TA-10002571,Furniture,Tables,"Chromcraft Coffee Table, Adjustable Height",? 807.84,3,? 250.38,Medium
IN-2013-50753,6/18/2013,TS-21430,Tom Stivers,Vijayawada,Andhra Pradesh,India,FUR-TA-10004826,Furniture,Tables,"Bevis Training Table, Rectangular",? 665.10,2,? 212.82,Medium
IN-2014-16320,10/27/2014,DW-13480,Dianna Wilson,Mirzapur,Uttar Pradesh,India,FUR-CH-10002468,Furniture,Chairs,"Hon Rocking Chair, Adjustable",? 266.22,2,? 69.18,Critical
IN-2011-59685,8/4/2011,BM-11785,Bryan Mills,Tiruchchirappalli,Tamil Nadu,India,TEC-AC-10002883,Technology,Accessories,"Logitech Keyboard, Erganomic",? 351.30,5,? 144.00,Medium
IN-2013-12183,5/14/2013,HH-15010,Hilary Holden,Nagpur,Maharashtra,India,OFF-BI-10000389,Office Supplies,Binders,"Ibico Binding Machine, Clear",? 152.64,3,? 0.00,Medium
IN-2013-12729,5/3/2013,KT-16480,Kean Thornton,Mangalore,Karnataka,India,FUR-CH-10004609,Furniture,Chairs,"Harbour Creations Steel Folding Chair, Adjustable",? 200.76,2,? 86.28,Medium
IN-2014-29116,6/18/2014,PH-18790,Patricia Hirasaki,Jodhpur,Rajasthan,India,FUR-CH-10002966,Furniture,Chairs,"Harbour Creations Swivel Stool, Red",? 180.12,1,? 5.40,Low
IN-2014-42808,11/6/2014,PB-18805,Patrick Bzostek,Jhansi,Uttar Pradesh,India,TEC-MA-10003351,Technology,Machines,"Okidata Card Printer, White",? 348.48,2,? 142.86,Medium
IN-2014-71067,5/13/2014,NZ-18565,Nick Zandusky,Hyderabad,Telangana,India,TEC-MA-10003351,Technology,Machines,"Okidata Card Printer, White",? 871.20,5,? 357.15,Medium
IN-2013-73748,12/13/2013,SG-20470,Sheri Gordon,Coimbatore,Tamil Nadu,India,FUR-CH-10002207,Furniture,Chairs,"Hon Chairmat, Set of Two",? 288.90,5,? 127.05,Medium
IN-2013-64515,7/31/2013,SC-20020,Sam Craven,Bhopal,Madhya Pradesh,India,TEC-AC-10000221,Technology,Accessories,"Belkin Memory Card, Programmable",? 814.17,7,? 170.94,Medium
IN-2013-58152,12/31/2013,AA-10315,Alex Avila,Agra,Uttar Pradesh,India,FUR-BO-10000961,Furniture,Bookcases,"Bush Stackable Bookrack, Pine",? 499.44,4,? 179.76,Medium
IN-2014-40400,5/9/2014,RH-19510,Rick Huthwaite,Coimbatore,Tamil Nadu,India,FUR-FU-10002829,Furniture,Furnishings,"Deflect-O Clock, Black",? 251.55,5,? 17.55,High
IN-2013-30663,11/25/2013,SV-20815,Stuart Van,Vadodara,Gujarat,India,OFF-EN-10002119,Office Supplies,Envelopes,"Ames Manila Envelope, Security-Tint",? 189.63,7,? 85.26,Critical
IN-2012-18518,10/4/2012,TT-21070,Ted Trevino,Agra,Uttar Pradesh,India,OFF-AR-10004900,Office Supplies,Art,"Boston Canvas, Easy-Erase",? 269.55,5,? 51.15,High
IN-2012-13828,1/13/2012,LS-17200,Luke Schmidt,Agra,Uttar Pradesh,India,FUR-CH-10001895,Furniture,Chairs,"Hon Chairmat, Adjustable",? 116.04,2,? 58.02,High
ID-2014-17314,11/8/2014,AS-10090,Adam Shillingsburg,Mumbai,Maharashtra,India,FUR-BO-10000961,Furniture,Bookcases,"Bush Stackable Bookrack, Pine",? 312.15,5,-? 87.45,Critical
IN-2014-12365,9/6/2014,BG-11035,Barry Gonzalez,Thane,Maharashtra,India,TEC-PH-10003946,Technology,Phones,"Cisco Office Telephone, VoIP",? 402.75,5,? 36.15,Medium
IN-2014-23173,8/13/2014,HD-14785,Harold Dahlen,Faridabad,Haryana,India,TEC-CO-10001726,Technology,Copiers,"HP Fax and Copier, High-Speed",? 342.18,2,? 82.08,Medium
IN-2014-28416,9/2/2014,JK-15625,Jim Karlsson,Sangli,Maharashtra,India,TEC-PH-10000297,Technology,Phones,"Apple Office Telephone, with Caller ID",? 130.56,2,? 50.88,High
IN-2012-22900,8/14/2012,TS-21505,Tony Sayre,Solapur,Maharashtra,India,TEC-CO-10001482,Technology,Copiers,"Sharp Ink, High-Speed",? 367.83,3,? 47.79,Medium
IN-2014-47274,12/4/2014,CC-12670,Craig Carreira,Jodhpur,Gujarat,India,TEC-MA-10002134,Technology,Machines,"Konica Inkjet, Wireless",? 940.32,3,? 141.03,Medium
IN-2013-63633,8/30/2013,DF-13135,David Flashing,Lucknow,Uttar Pradesh,India,FUR-BO-10001471,Furniture,Bookcases,"Sauder Classic Bookcase, Metal",? 435.45,1,? 209.01,Medium
IN-2014-26561,6/11/2014,LC-17140,Logan Currie,Anantapur,Andhra Pradesh,India,TEC-PH-10001917,Technology,Phones,"Apple Signal Booster, Cordless",? 139.50,1,? 11.16,High
IN-2014-71102,1/6/2014,RD-19585,Rob Dowd,Patiala,Punjab,India,OFF-PA-10004613,Office Supplies,Paper,"Green Bar Note Cards, Premium",? 148.95,5,? 16.35,High
IN-2012-44810,2/25/2012,BP-11230,Benjamin Patterson,Surat,Gujarat,India,OFF-EN-10000657,Office Supplies,Envelopes,"Jiffy Peel and Seal, with clear poly window",? 117.75,5,? 38.85,Critical
IN-2011-51271,10/6/2011,EH-13990,Erica Hackney,Pune,Maharashtra,India,FUR-FU-10004503,Furniture,Furnishings,"Tenex Photo Frame, Black",? 207.36,4,? 78.72,High
IN-2014-55471,9/12/2014,GM-14695,Greg Maxwell,Fatehpur,Rajasthan,India,TEC-PH-10001362,Technology,Phones,"Cisco Office Telephone, Cordless",? 249.93,3,? 59.94,Medium
IN-2014-68218,10/30/2014,GK-14620,Grace Kelly,Durgapur,West Bengal,India,OFF-ST-10001124,Office Supplies,Storage,"Fellowes Trays, Wire Frame",? 225.84,4,? 29.28,High
IN-2011-59510,3/18/2011,DK-12985,Darren Koutras,Meerut,Uttar Pradesh,India,FUR-BO-10001342,Furniture,Bookcases,"Safco Corner Shelving, Metal",? 595.68,4,? 0.00,Medium
IN-2014-53000,8/7/2014,JO-15145,Jack O'Briant,Kozhikode,Kerala,India,FUR-CH-10000994,Furniture,Chairs,"Harbour Creations Rocking Chair, Black",? 289.32,2,? 49.14,Medium
IN-2014-14003,5/26/2014,GH-14425,Gary Hwang,Dewas,Madhya Pradesh,India,OFF-AP-10002326,Office Supplies,Appliances,"Hamilton Beach Microwave, White",? 280.65,1,? 0.00,Critical
IN-2014-26981,10/24/2014,JM-15865,John Murray,Thane,Maharashtra,India,TEC-CO-10001410,Technology,Copiers,"Canon Personal Copier, High-Speed",? 140.94,1,? 4.20,High
IN-2012-35668,5/9/2012,SO-20335,Sean O'Donnell,Dewas,Madhya Pradesh,India,OFF-ST-10004226,Office Supplies,Storage,"Fellowes File Cart, Blue",? 549.24,4,? 252.60,Medium
IN-2013-52398,11/18/2013,PF-19165,Philip Fox,Lucknow,Uttar Pradesh,India,TEC-PH-10000822,Technology,Phones,"Apple Speaker Phone, Full Size",? 249.18,2,? 59.76,High
IN-2014-71928,3/4/2014,AC-10615,Ann Chong,Ajmer,Rajasthan,India,TEC-MA-10001372,Technology,Machines,"Konica Card Printer, White",? 347.16,2,? 138.84,Medium
IN-2013-54757,10/29/2013,AR-10825,Anthony Rawles,Pune,Maharashtra,India,OFF-AR-10000058,Office Supplies,Art,"Stanley Canvas, Water Color",? 157.95,3,? 53.64,High
IN-2011-50445,12/26/2011,AT-10435,Alyssa Tate,Bhilai,Chhattisgarh,India,OFF-BI-10000340,Office Supplies,Binders,"Avery Binding Machine, Clear",? 144.90,3,? 14.49,High
IN-2014-24622,10/22/2014,MM-17920,Michael Moore,Bijapur,Karnataka,India,FUR-BO-10003022,Furniture,Bookcases,"Dania 3-Shelf Cabinet, Metal",? 281.82,2,? 98.58,Medium
IN-2014-38664,6/10/2014,JW-15220,Jane Waco,Chennai,Tamil Nadu,India,OFF-BI-10004098,Office Supplies,Binders,"Acco 3-Hole Punch, Durable",? 158.10,5,? 1.50,Medium
IN-2014-10272,12/2/2014,PS-18760,Pamela Stobb,Moradabad,Uttar Pradesh,India,OFF-SU-10001346,Office Supplies,Supplies,"Stiletto Shears, Steel",? 284.94,6,? 28.44,Medium
IN-2011-53203,12/21/2011,AH-10195,Alan Haines,Delhi,Delhi,India,OFF-AR-10004656,Office Supplies,Art,"Boston Sketch Pad, Easy-Erase",? 97.74,2,? 21.48,Critical
IN-2014-71907,5/5/2014,BT-11485,Brad Thomas,Kulti,West Bengal,India,TEC-AC-10004478,Technology,Accessories,"SanDisk Numeric Keypad, Bluetooth",? 277.80,5,? 130.50,High
IN-2014-74644,4/23/2014,PS-18970,Paul Stevenson,Parbhani,Maharashtra,India,OFF-ST-10001824,Office Supplies,Storage,"Rogers Box, Single Width",? 120.00,5,? 7.20,High
IN-2013-51621,12/24/2013,SG-20080,Sandra Glassco,Tirunelveli,Tamil Nadu,India,FUR-BO-10003887,Furniture,Bookcases,"Ikea Floating Shelf Set, Traditional",? 340.68,2,? 13.62,Medium
IN-2011-12288,5/30/2011,JS-15880,John Stevenson,Vadodara,Gujarat,India,TEC-CO-10003982,Technology,Copiers,"HP Ink, High-Speed",? 380.70,3,? 163.62,Medium
IN-2014-72054,4/7/2014,JW-15220,Jane Waco,Mangalore,Karnataka,India,FUR-CH-10004609,Furniture,Chairs,"Harbour Creations Steel Folding Chair, Adjustable",? 200.76,2,? 86.28,High
IN-2014-36795,12/27/2014,CV-12805,Cynthia Voltz,Pune,Maharashtra,India,OFF-PA-10000776,Office Supplies,Paper,"Xerox Cards & Envelopes, Premium",? 179.88,4,? 84.48,High
IN-2013-11357,2/7/2013,JH-15910,Jonathan Howell,Bihar Sharif,Bihar,India,FUR-CH-10001138,Furniture,Chairs,"Office Star Swivel Stool, Black",? 514.53,3,? 210.87,Medium
IN-2012-65915,6/4/2012,CC-12145,Charles Crestani,Pimpri,Maharashtra,India,OFF-AP-10001335,Office Supplies,Appliances,"Hoover Toaster, Black",? 166.14,2,? 46.50,High
IN-2013-44432,8/6/2013,DW-13195,David Wiener,Avadi,Tamil Nadu,India,TEC-AC-10000866,Technology,Accessories,"Belkin Router, Erganomic",? 769.68,3,? 130.77,Medium
IN-2011-46322,6/27/2011,JD-16015,Joy Daniels,Coimbatore,Tamil Nadu,India,TEC-CO-10000560,Technology,Copiers,"Hewlett Ink, High-Speed",? 146.88,1,? 2.91,Medium
IN-2013-70297,12/16/2013,LS-16975,Lindsay Shagiari,Ujjain,Madhya Pradesh,India,FUR-BO-10001147,Furniture,Bookcases,"Bush Floating Shelf Set, Metal",? 341.46,2,? 88.74,High
IN-2014-76016,9/26/2014,VG-21805,Vivek Grady,Thiruvananthapuram,Kerala,India,TEC-AC-10000639,Technology,Accessories,"Belkin Router, Bluetooth",? 258.75,1,? 75.03,Medium
IN-2013-29578,8/24/2013,JO-15280,Jas O'Carroll,Hyderabad,Telangana,India,OFF-SU-10001535,Office Supplies,Supplies,"Elite Box Cutter, High Speed",? 174.45,5,? 27.90,High
IN-2014-14003,5/26/2014,GH-14425,Gary Hwang,Dewas,Madhya Pradesh,India,TEC-CO-10004929,Technology,Copiers,"Canon Personal Copier, Color",? 144.18,1,? 18.72,Critical
IN-2014-55912,8/9/2014,RR-19315,Ralph Ritter,Raipur,Chhattisgarh,India,FUR-CH-10000026,Furniture,Chairs,"SAFCO Rocking Chair, Black",? 397.44,3,? 15.84,Medium
IN-2014-19820,8/18/2014,LF-17185,Luke Foster,Panihati,West Bengal,India,OFF-LA-10004398,Office Supplies,Labels,"Hon Color Coded Labels, Alphabetical",? 88.41,7,? 0.00,Critical
IN-2013-54078,12/7/2013,AB-10165,Alan Barnes,Chennai,Tamil Nadu,India,OFF-EN-10003498,Office Supplies,Envelopes,"Cameo Interoffice Envelope, Recycled",? 277.38,6,? 102.60,Low
IN-2012-66580,5/24/2012,JH-16180,Justin Hirsh,Kalyan,Maharashtra,India,OFF-FA-10003893,Office Supplies,Fasteners,"OIC Paper Clips, 12 Pack",? 69.30,5,? 11.70,Critical
IN-2014-26918,10/13/2014,MC-17575,Matt Collins,Ludhiana,Punjab,India,OFF-EN-10004849,Office Supplies,Envelopes,"Cameo Mailers, Security-Tint",? 243.36,6,? 80.28,High
IN-2012-46112,9/3/2012,JK-16120,Julie Kriz,Asansol,West Bengal,India,FUR-CH-10000294,Furniture,Chairs,"Office Star Swivel Stool, Red",? 173.94,1,? 38.25,High
IN-2014-32084,8/6/2014,AF-10885,Art Foster,Salem,Tamil Nadu,India,OFF-ST-10004228,Office Supplies,Storage,"Tenex Shelving, Industrial",? 220.56,4,? 68.28,High
IN-2012-23054,9/15/2012,TM-21010,Tamara Manning,Jaipur,Rajasthan,India,OFF-EN-10004560,Office Supplies,Envelopes,"Ames Mailers, Security-Tint",? 76.50,2,? 36.72,Critical
IN-2014-62135,12/16/2014,PN-18775,Parhena Norris,Bangalore,Karnataka,India,FUR-CH-10004826,Furniture,Chairs,"Hon Steel Folding Chair, Set of Two",? 418.35,5,? 204.90,Medium
IN-2013-74231,9/20/2013,KT-16465,Kean Takahito,Belgaum,Karnataka,India,FUR-CH-10003123,Furniture,Chairs,"Hon Chairmat, Black",? 159.30,3,? 27.00,High
IN-2014-65992,11/18/2014,Co-12640,Corey-Lock,Bangalore,Karnataka,India,OFF-BI-10000561,Office Supplies,Binders,"Acco Binding Machine, Durable",? 262.95,5,? 110.40,Medium
IN-2013-37761,5/1/2013,KB-16240,Karen Bern,Kalyan,Maharashtra,India,OFF-AR-10002022,Office Supplies,Art,"Stanley Sketch Pad, Water Color",? 190.44,4,? 32.28,Medium
IN-2012-23957,9/20/2012,KB-16600,Ken Brennan,Surat,Gujarat,India,FUR-CH-10004339,Furniture,Chairs,"SAFCO Steel Folding Chair, Red",? 171.42,2,? 34.26,Medium
IN-2013-73342,11/13/2013,MH-17290,Marc Harrigan,Tirunelveli,Tamil Nadu,India,FUR-CH-10004331,Furniture,Chairs,"SAFCO Rocking Chair, Red",? 134.91,1,? 39.12,Medium
IN-2013-74231,9/20/2013,KT-16465,Kean Takahito,Belgaum,Karnataka,India,FUR-FU-10000889,Furniture,Furnishings,"Rubbermaid Clock, Black",? 250.80,5,? 85.20,High
IN-2014-29074,11/7/2014,CS-12250,Chris Selesnick,Ajmer,Rajasthan,India,OFF-PA-10001979,Office Supplies,Paper,"Enermax Message Books, Premium",? 315.00,14,? 91.14,Medium
IN-2012-13919,9/10/2012,CW-11905,Carl Weiss,Jalna,Maharashtra,India,OFF-AR-10004218,Office Supplies,Art,"Sanford Pencil Sharpener, Water Color",? 232.08,8,? 48.72,Medium
IN-2014-23922,4/28/2014,JK-15730,Joe Kamberova,Ranchi,Jharkhand,India,TEC-CO-10002587,Technology,Copiers,"Sharp Fax and Copier, Laser",? 168.60,1,? 79.23,High
IN-2012-59538,8/14/2012,PO-18850,Patrick O'Brill,Hisar,Haryana,India,TEC-MA-10001726,Technology,Machines,"Epson Receipt Printer, White",? 346.32,3,? 13.77,Medium
IN-2013-22746,8/14/2013,GH-14410,Gary Hansen,Faridabad,Haryana,India,TEC-MA-10002155,Technology,Machines,"Panasonic Receipt Printer, Durable",? 363.06,3,? 32.67,Medium
IN-2011-49241,10/6/2011,MT-18070,Michelle Tran,Delhi,Delhi,India,FUR-BO-10004699,Furniture,Bookcases,"Dania 3-Shelf Cabinet, Mobile",? 575.88,4,? 0.00,Medium
IN-2014-65243,12/4/2014,BE-11455,Brad Eason,Moradabad,Uttar Pradesh,India,FUR-CH-10001695,Furniture,Chairs,"Harbour Creations Chairmat, Set of Two",? 148.50,2,? 1.44,High
IN-2014-23173,8/13/2014,HD-14785,Harold Dahlen,Faridabad,Haryana,India,OFF-PA-10001086,Office Supplies,Paper,"Enermax Cards & Envelopes, Multicolor",? 291.06,6,? 72.72,Medium
IN-2012-46259,5/11/2012,RW-19630,Rob Williams,Delhi,Delhi,India,TEC-MA-10004423,Technology,Machines,"StarTech Card Printer, White","? 1,295.28",8,? 504.96,Medium
IN-2014-72313,7/23/2014,CM-12715,Craig Molinari,Sangli,Maharashtra,India,FUR-FU-10002292,Furniture,Furnishings,"Deflect-O Door Stop, Duo Pack",? 132.03,3,? 54.09,Critical
IN-2011-15165,10/17/2011,MG-17680,Maureen Gastineau,Brahmapur,Odisha,India,OFF-SU-10001618,Office Supplies,Supplies,"Kleencut Letter Opener, Easy Grip",? 143.40,5,? 51.60,Critical
IN-2013-40806,6/24/2013,AC-10450,Amy Cox,Jamshedpur,Jharkhand,India,TEC-PH-10001990,Technology,Phones,"Cisco Smart Phone, Full Size","? 3,916.08",6,"? 1,252.98",Critical
IN-2012-46259,5/11/2012,RW-19630,Rob Williams,Delhi,Delhi,India,TEC-MA-10003868,Technology,Machines,"StarTech Phone, Durable",? 373.20,5,? 18.60,Medium
IN-2014-32728,10/17/2014,BN-11515,Bradley Nguyen,Salem,Tamil Nadu,India,FUR-TA-10002095,Furniture,Tables,"Lesro Training Table, Fully Assembled",? 270.27,1,? 10.80,Medium
IN-2011-59286,9/26/2011,TD-20995,Tamara Dahlen,Nasik,Maharashtra,India,OFF-PA-10002974,Office Supplies,Paper,"Enermax Note Cards, 8.5 x 11",? 85.23,3,? 16.11,Critical
IN-2014-58957,11/17/2014,MM-17920,Michael Moore,Dewas,Madhya Pradesh,India,FUR-FU-10004509,Furniture,Furnishings,"Advantus Door Stop, Duo Pack",? 90.18,2,? 26.10,Critical
IN-2011-46581,6/28/2011,TA-21385,Tom Ashbrook,Madurai,Tamil Nadu,India,OFF-EN-10004424,Office Supplies,Envelopes,"GlobeWeis Interoffice Envelope, Set of 50",? 191.28,4,? 28.68,Medium
IN-2013-79306,11/1/2013,JF-15190,Jamie Frazer,Raipur,Chhattisgarh,India,TEC-AC-10004848,Technology,Accessories,"SanDisk Memory Card, Erganomic",? 551.10,5,? 49.50,Medium
ID-2012-61659,10/19/2012,VF-21715,Vicky Freymann,Mumbai,Maharashtra,India,TEC-CO-10002350,Technology,Copiers,"Canon Wireless Fax, Digital",? 567.45,3,-? 522.09,Medium
IN-2013-49857,10/7/2013,SF-20200,Sarah Foster,Kanpur,Uttar Pradesh,India,OFF-PA-10003731,Office Supplies,Paper,"Enermax Note Cards, Premium",? 358.92,12,? 143.28,Medium
IN-2011-62499,5/18/2011,MH-17440,Mark Haberlin,Nagpur,Maharashtra,India,OFF-PA-10002047,Office Supplies,Paper,"Green Bar Cards & Envelopes, 8.5 x 11",? 262.65,5,? 31.50,High
IN-2014-14150,10/8/2014,LD-17005,Lisa DeCherney,Ranchi,Jharkhand,India,FUR-BO-10002032,Furniture,Bookcases,"Ikea Stackable Bookrack, Pine",? 247.86,2,? 59.46,High
IN-2014-65488,7/17/2014,CP-12340,Christine Phan,Aurangabad,Bihar,India,FUR-FU-10001557,Furniture,Furnishings,"Advantus Clock, Duo Pack",? 102.90,2,? 15.42,Medium
IN-2012-64494,1/2/2012,MA-17560,Matt Abelman,Bellary,Karnataka,India,TEC-AC-10003570,Technology,Accessories,"Memorex Flash Drive, Erganomic",? 244.89,9,? 65.88,High
IN-2011-23131,12/21/2011,JG-15160,James Galang,Jaipur,Rajasthan,India,OFF-SU-10002388,Office Supplies,Supplies,"Elite Shears, Easy Grip",? 243.15,5,? 29.10,Low
IN-2013-27772,10/14/2013,AP-10720,Anne Pryor,Nagpur,Maharashtra,India,TEC-AC-10002172,Technology,Accessories,"Memorex Keyboard, Programmable",? 509.88,7,? 71.19,Medium
IN-2012-48548,5/11/2012,RB-19360,Raymond Buch,Bhopal,Madhya Pradesh,India,OFF-SU-10000649,Office Supplies,Supplies,"Fiskars Box Cutter, High Speed",? 177.60,5,? 1.65,High
IN-2013-55016,11/12/2013,TN-21040,Tanja Norvell,Nagpur,Maharashtra,India,OFF-PA-10004741,Office Supplies,Paper,"SanDisk Cards & Envelopes, 8.5 x 11",? 315.36,6,? 15.66,High
IN-2013-61232,7/5/2013,HG-14965,Henry Goldwyn,Mau,Uttar Pradesh,India,FUR-BO-10000243,Furniture,Bookcases,"Safco Floating Shelf Set, Pine","? 1,386.63",7,? 360.36,Medium
IN-2013-22179,5/23/2013,SP-20620,Stefania Perrino,Ludhiana,Punjab,India,OFF-AR-10000058,Office Supplies,Art,"Stanley Canvas, Water Color",? 52.65,1,? 17.88,Critical
IN-2011-52783,11/7/2011,SP-20920,Susan Pistek,Warangal,Telangana,India,TEC-MA-10001267,Technology,Machines,"Epson Calculator, Red",? 87.12,2,? 22.62,High
IN-2012-62765,6/19/2012,RM-19750,Roland Murray,Srinagar,Jammu and Kashmir,India,TEC-AC-10000483,Technology,Accessories,"SanDisk Memory Card, Bluetooth",? 224.82,2,? 6.72,High
IN-2012-45909,10/5/2012,TB-21190,Thomas Brumley,Allahabad,Uttar Pradesh,India,OFF-ST-10003206,Office Supplies,Storage,"Eldon Shelving, Blue",? 290.52,6,? 136.44,Medium
IN-2014-12365,9/6/2014,BG-11035,Barry Gonzalez,Thane,Maharashtra,India,TEC-CO-10000778,Technology,Copiers,"Sharp Fax and Copier, Color",? 510.12,3,? 50.94,Medium
IN-2012-67735,11/12/2012,MH-17455,Mark Hamilton,Bangalore,Karnataka,India,TEC-AC-10002243,Technology,Accessories,"SanDisk Keyboard, Programmable",? 414.90,5,? 124.35,Medium
IN-2013-41037,12/30/2013,SP-20545,Sibella Parks,Surat,Gujarat,India,TEC-CO-10001501,Technology,Copiers,"Canon Fax and Copier, Laser",? 574.02,3,? 86.04,Medium
IN-2014-41723,8/7/2014,IL-15100,Ivan Liston,Bhilai,Chhattisgarh,India,FUR-BO-10003793,Furniture,Bookcases,"Bush 3-Shelf Cabinet, Metal",? 571.32,4,? 251.28,Medium
IN-2013-49857,10/7/2013,SF-20200,Sarah Foster,Kanpur,Uttar Pradesh,India,TEC-AC-10003276,Technology,Accessories,"Enermax Router, USB",? 775.62,3,? 224.91,Medium
IN-2013-27639,4/4/2013,GZ-14545,George Zrebassa,Tiruchchirappalli,Tamil Nadu,India,OFF-ST-10002085,Office Supplies,Storage,"Tenex File Cart, Industrial",? 670.65,5,? 321.90,Medium
IN-2014-39826,6/24/2014,RS-19870,Roy Skaria,Jodhpur,Rajasthan,India,OFF-AP-10002899,Office Supplies,Appliances,"Breville Toaster, Silver",? 387.30,5,? 19.35,Medium
IN-2013-11301,5/19/2013,PO-18850,Patrick O'Brill,Chennai,Tamil Nadu,India,OFF-AR-10002109,Office Supplies,Art,"Binney & Smith Sketch Pad, Fluorescent",? 190.32,4,? 53.28,High
IN-2014-35731,12/26/2014,Dl-13600,Dorris liebe,Bangalore,Karnataka,India,OFF-ST-10004847,Office Supplies,Storage,"Tenex File Cart, Blue",? 133.20,1,? 61.26,Critical
IN-2011-70850,11/21/2011,DH-13675,Duane Huffman,Gorakhpur,Uttar Pradesh,India,TEC-AC-10000742,Technology,Accessories,"SanDisk Flash Drive, Erganomic",? 336.15,9,? 100.71,Medium
IN-2013-30257,7/30/2013,JR-16210,Justin Ritter,Srinagar,Jammu and Kashmir,India,TEC-CO-10001787,Technology,Copiers,"HP Fax and Copier, Laser",? 518.67,3,? 124.47,Medium
IN-2014-18238,5/2/2014,KH-16690,Kristen Hastings,Bangalore,Karnataka,India,OFF-EN-10004473,Office Supplies,Envelopes,"Ames Interoffice Envelope, with clear poly window",? 194.64,4,? 9.72,Medium
IN-2011-62450,6/13/2011,AY-10555,Andy Yotov,Bareilly,Uttar Pradesh,India,OFF-ST-10000007,Office Supplies,Storage,"Fellowes File Cart, Single Width",? 274.68,2,? 137.34,High
IN-2013-59006,5/15/2013,SC-20845,Sung Chung,Bhatpara,West Bengal,India,OFF-AP-10001621,Office Supplies,Appliances,"Cuisinart Blender, Silver",? 203.22,3,? 46.71,Medium
IN-2014-54421,2/13/2014,TB-21625,Trudy Brown,Sangli,Maharashtra,India,TEC-AC-10001792,Technology,Accessories,"Logitech Mouse, Programmable",? 153.90,5,? 12.30,High
IN-2012-40596,1/14/2012,RM-19375,Raymond Messe,Gorakhpur,Haryana,India,OFF-PA-10001818,Office Supplies,Paper,"Green Bar Note Cards, Multicolor",? 271.44,8,? 62.40,High
IN-2012-10720,12/31/2012,KT-16480,Kean Thornton,Baranagar,West Bengal,India,TEC-MA-10002340,Technology,Machines,"Konica Receipt Printer, White",? 241.32,2,? 82.02,Medium
IN-2013-79530,5/20/2013,AA-10645,Anna Andreadi,Chennai,Tamil Nadu,India,OFF-ST-10003141,Office Supplies,Storage,"Fellowes Trays, Industrial",? 289.35,5,? 54.90,High
IN-2014-55912,8/9/2014,RR-19315,Ralph Ritter,Raipur,Chhattisgarh,India,OFF-AP-10000004,Office Supplies,Appliances,"Cuisinart Stove, Silver",? 539.04,1,? 183.27,Medium
IN-2012-59874,6/11/2012,BG-11695,Brooke Gillingham,Pune,Maharashtra,India,OFF-ST-10000892,Office Supplies,Storage,"Tenex Trays, Wire Frame",? 213.12,4,? 95.88,Medium
IN-2013-64956,7/23/2013,RB-19435,Richard Bierner,Jaipur,Rajasthan,India,OFF-PA-10003332,Office Supplies,Paper,"Xerox Cards & Envelopes, Recycled",? 314.16,7,? 94.08,Medium
ID-2013-38776,8/19/2013,DR-12880,Dan Reichenbach,Mumbai,Maharashtra,India,TEC-PH-10003813,Technology,Phones,"Samsung Signal Booster, VoIP",? 273.36,4,-? 246.12,Medium
IN-2011-53203,12/21/2011,AH-10195,Alan Haines,Delhi,Delhi,India,TEC-AC-10000111,Technology,Accessories,"SanDisk Mouse, USB",? 77.04,2,? 0.00,Critical
IN-2014-37320,11/11/2014,BF-11005,Barry Franz,Gorakhpur,Haryana,India,TEC-CO-10002587,Technology,Copiers,"Sharp Fax and Copier, Laser",? 168.60,1,? 79.23,High
IN-2011-30341,11/1/2011,BD-11635,Brian Derr,Ludhiana,Punjab,India,FUR-CH-10001477,Furniture,Chairs,"Novimex Chairmat, Black",? 323.46,6,? 138.96,High
IN-2013-71753,12/19/2013,JM-16195,Justin MacKendrick,Gulbarga,Karnataka,India,FUR-BO-10002204,Furniture,Bookcases,"Bush Classic Bookcase, Pine",? 414.03,1,? 169.74,Medium
IN-2013-34471,6/17/2013,FA-14230,Frank Atkinson,Chennai,Tamil Nadu,India,TEC-PH-10001321,Technology,Phones,"Cisco Speaker Phone, Full Size",? 279.54,2,? 58.68,Medium
IN-2012-29977,9/2/2012,JE-15715,Joe Elijah,Madurai,Tamil Nadu,India,TEC-PH-10002154,Technology,Phones,"Cisco Headset, Full Size",? 448.65,5,? 107.55,Medium
IN-2014-47505,9/26/2014,WB-21850,William Brown,Bhilai,Chhattisgarh,India,TEC-AC-10003889,Technology,Accessories,"Enermax Mouse, USB",? 162.00,4,? 38.88,Medium
IN-2012-22900,8/14/2012,TS-21505,Tony Sayre,Solapur,Maharashtra,India,OFF-SU-10004696,Office Supplies,Supplies,"Acme Shears, Easy Grip",? 257.70,5,? 25.65,Medium
IN-2014-75603,12/31/2014,BS-11365,Bill Shonely,Vijayawada,Andhra Pradesh,India,TEC-AC-10002255,Technology,Accessories,"Memorex Keyboard, Erganomic",? 276.60,4,? 105.00,Medium
IN-2014-32665,8/6/2014,SL-20155,Sara Luxemburg,Mumbai,Maharashtra,India,OFF-ST-10001357,Office Supplies,Storage,"Eldon Lockers, Single Width",? 197.94,2,-? 126.72,High
IN-2014-31902,12/18/2014,LC-17140,Logan Currie,Pune,Maharashtra,India,FUR-CH-10002468,Furniture,Chairs,"Hon Rocking Chair, Adjustable",? 266.22,2,? 69.18,Medium
IN-2014-38531,8/20/2014,MV-18190,Mike Vittorini,Delhi,Delhi,India,OFF-ST-10003445,Office Supplies,Storage,"Rogers Folders, Industrial",? 155.85,5,? 4.65,Medium
IN-2014-40764,3/27/2014,RB-19435,Richard Bierner,Korba,Chhattisgarh,India,FUR-BO-10002390,Furniture,Bookcases,"Ikea Library with Doors, Metal",? 362.85,1,? 32.64,Medium
IN-2011-78284,8/29/2011,KC-16255,Karen Carlisle,Gwalior,Madhya Pradesh,India,TEC-CO-10004267,Technology,Copiers,"Brother Ink, Laser",? 147.30,1,? 19.14,High
IN-2012-43081,4/7/2012,JS-15685,Jim Sink,Delhi,Delhi,India,OFF-SU-10000835,Office Supplies,Supplies,"Acme Box Cutter, Steel",? 260.40,7,? 31.08,Medium
IN-2014-34576,8/21/2014,CC-12100,Chad Cunningham,Bhubaneswar,Odisha,India,TEC-AC-10001664,Technology,Accessories,"SanDisk Keyboard, USB",? 163.38,2,? 45.72,High
IN-2014-74224,6/4/2014,CM-12115,Chad McGuire,Kamarhati,West Bengal,India,OFF-SU-10001535,Office Supplies,Supplies,"Elite Box Cutter, High Speed",? 209.34,6,? 33.48,Medium
IN-2013-76835,8/12/2013,RA-19285,Ralph Arnett,Mangalore,Karnataka,India,TEC-MA-10000697,Technology,Machines,"StarTech Card Printer, Wireless",? 163.50,1,? 37.59,High
IN-2012-24209,12/24/2012,AR-10570,Anemone Ratner,Tiruppur,Tamil Nadu,India,FUR-CH-10001913,Furniture,Chairs,"Office Star Swivel Stool, Adjustable",? 176.43,1,? 22.92,Medium
IN-2011-44593,4/14/2011,LR-16915,Lena Radford,Pune,Maharashtra,India,OFF-ST-10003243,Office Supplies,Storage,"Fellowes Folders, Blue",? 105.60,4,? 39.00,Medium
IN-2013-59748,6/14/2013,TR-21325,Toby Ritter,Durgapur,West Bengal,India,OFF-EN-10001491,Office Supplies,Envelopes,"Jiffy Interoffice Envelope, Set of 50",? 278.64,6,? 55.62,Medium
IN-2013-62723,9/15/2013,SJ-20500,Shirley Jackson,Aurangabad,Maharashtra,India,FUR-CH-10004387,Furniture,Chairs,"Office Star Bag Chairs, Red",? 110.88,2,? 16.62,High
IN-2013-17524,12/10/2013,GM-14440,Gary McGarr,Delhi,Delhi,India,OFF-ST-10001186,Office Supplies,Storage,"Rogers Trays, Industrial",? 248.64,4,? 84.48,Low
IN-2014-30264,8/28/2014,ON-18715,Odella Nelson,Visakhapatnam,Andhra Pradesh,India,TEC-PH-10003546,Technology,Phones,"Apple Signal Booster, with Caller ID",? 409.95,3,? 102.42,Medium
IN-2014-11672,11/16/2014,TB-21175,Thomas Boland,Pune,Maharashtra,India,FUR-CH-10001913,Furniture,Chairs,"Office Star Swivel Stool, Adjustable",? 529.29,3,? 68.76,Medium
IN-2014-38223,8/2/2014,MS-17770,Maxwell Schwartz,Delhi,Delhi,India,TEC-PH-10003062,Technology,Phones,"Apple Audio Dock, Full Size",? 336.36,2,? 117.72,Medium
IN-2011-69751,10/19/2011,GM-14440,Gary McGarr,Allahabad,Uttar Pradesh,India,TEC-CO-10000778,Technology,Copiers,"Sharp Fax and Copier, Color",? 340.08,2,? 33.96,High
IN-2012-56395,12/1/2012,LP-17095,Liz Preis,Patna,Bihar,India,TEC-AC-10004562,Technology,Accessories,"Enermax Flash Drive, Programmable",? 344.16,8,? 13.68,Medium
IN-2013-59748,6/14/2013,TR-21325,Toby Ritter,Durgapur,West Bengal,India,OFF-PA-10003805,Office Supplies,Paper,"Eaton Note Cards, Multicolor",? 215.04,7,? 53.76,Medium
IN-2014-68218,10/30/2014,GK-14620,Grace Kelly,Durgapur,West Bengal,India,FUR-CH-10000825,Furniture,Chairs,"SAFCO Chairmat, Red",? 179.46,3,? 69.93,High
IN-2014-23761,6/2/2014,MH-18115,Mick Hernandez,Kozhikode,Kerala,India,OFF-PA-10003390,Office Supplies,Paper,"Enermax Computer Printout Paper, Recycled",? 113.52,4,? 6.72,Critical
IN-2013-59552,1/10/2013,NP-18325,Naresj Patel,Surat,Gujarat,India,OFF-BI-10004869,Office Supplies,Binders,"Avery 3-Hole Punch, Recycled",? 169.38,6,? 81.18,Low
IN-2014-21990,12/4/2014,SM-20320,Sean Miller,Hyderabad,Telangana,India,FUR-CH-10004580,Furniture,Chairs,"Office Star Bag Chairs, Adjustable",? 57.93,1,? 17.94,High
IN-2013-12771,4/6/2013,BD-11620,Brian DeCherney,Ranchi,Jharkhand,India,FUR-CH-10002188,Furniture,Chairs,"SAFCO Steel Folding Chair, Set of Two",? 175.92,2,? 73.86,High
IN-2013-58915,8/8/2013,HJ-14875,Heather Jas,Mangalore,Karnataka,India,OFF-PA-10003115,Office Supplies,Paper,"Enermax Note Cards, Premium",? 114.00,4,? 45.60,Medium
IN-2014-31622,4/21/2014,SS-20590,Sonia Sunley,Gorakhpur,Uttar Pradesh,India,TEC-MA-10004116,Technology,Machines,"StarTech Inkjet, Wireless",? 301.89,1,? 3.00,Medium
IN-2013-42080,3/26/2013,TB-21625,Trudy Brown,Tirupati,Andhra Pradesh,India,FUR-FU-10000918,Furniture,Furnishings,"Deflect-O Photo Frame, Duo Pack",? 311.76,6,? 105.84,Medium
IN-2012-48240,5/25/2012,GP-14740,Guy Phonely,Delhi,Delhi,India,OFF-BI-10004589,Office Supplies,Binders,"Avery Binding Machine, Economy",? 97.68,2,? 13.62,Critical
IN-2013-12092,5/7/2013,JK-15625,Jim Karlsson,Visakhapatnam,Andhra Pradesh,India,OFF-EN-10000871,Office Supplies,Envelopes,"Ames Interoffice Envelope, Set of 50",? 225.60,5,? 58.65,Medium
IN-2012-48317,8/17/2012,ML-18265,Muhammed Lee,Delhi,Delhi,India,TEC-CO-10001726,Technology,Copiers,"HP Fax and Copier, High-Speed",? 855.45,5,? 205.20,Medium
IN-2014-19120,3/20/2014,AW-10840,Anthony Witt,Ganganagar,Rajasthan,India,TEC-AC-10004334,Technology,Accessories,"Logitech Router, Erganomic",? 245.13,1,? 85.77,Medium
IN-2011-44558,11/10/2011,RB-19795,Ross Baird,Bhiwandi,Maharashtra,India,OFF-EN-10002671,Office Supplies,Envelopes,"GlobeWeis Interoffice Envelope, with clear poly window",? 205.44,4,? 28.68,Medium
IN-2014-32028,6/17/2014,JH-16180,Justin Hirsh,Visakhapatnam,Andhra Pradesh,India,FUR-CH-10001465,Furniture,Chairs,"Hon Swivel Stool, Red",? 327.30,2,? 150.54,Medium
IN-2014-12323,4/25/2014,LS-16975,Lindsay Shagiari,Thane,Maharashtra,India,TEC-PH-10001478,Technology,Phones,"Nokia Headset, Full Size",? 297.60,4,? 92.16,Medium
IN-2013-78809,1/22/2013,AG-10900,Arthur Gainer,Pune,Maharashtra,India,OFF-SU-10003085,Office Supplies,Supplies,"Stiletto Ruler, Easy Grip",? 99.00,6,? 7.92,High
IN-2013-10811,9/17/2013,LR-16915,Lena Radford,Gorakhpur,Haryana,India,OFF-AP-10002963,Office Supplies,Appliances,"Hoover Toaster, Red",? 167.28,2,? 70.20,High
IN-2014-46777,1/25/2014,KD-16345,Katherine Ducich,Surat,Gujarat,India,OFF-PA-10003455,Office Supplies,Paper,"Green Bar Memo Slips, Recycled",? 185.46,11,? 59.07,Medium
IN-2014-75918,9/3/2014,BS-11665,Brian Stugart,Bhavnagar,Gujarat,India,OFF-EN-10000114,Office Supplies,Envelopes,"Kraft Clasp Envelope, Security-Tint",? 79.80,7,? 1.47,Critical
IN-2014-54694,12/1/2014,HG-14845,Harry Greene,Rajkot,Gujarat,India,TEC-PH-10003927,Technology,Phones,"Nokia Audio Dock, with Caller ID",? 500.22,3,? 190.08,Medium
IN-2012-46259,5/11/2012,RW-19630,Rob Williams,Delhi,Delhi,India,OFF-AP-10002226,Office Supplies,Appliances,"Hoover Blender, Black",? 289.80,3,? 20.25,Medium
IN-2011-69450,9/24/2011,GP-14740,Guy Phonely,Varanasi,Uttar Pradesh,India,OFF-SU-10001762,Office Supplies,Supplies,"Stiletto Shears, Easy Grip",? 198.84,4,? 63.60,Medium
IN-2012-24230,5/15/2012,EL-13735,Ed Ludwig,Mathura,Uttar Pradesh,India,TEC-PH-10001640,Technology,Phones,"Motorola Office Telephone, Full Size",? 292.20,4,? 119.76,Medium
IN-2014-69856,6/17/2014,AG-10900,Arthur Gainer,Lucknow,Uttar Pradesh,India,TEC-AC-10002335,Technology,Accessories,"Belkin Memory Card, USB",? 460.08,4,? 13.80,Medium
IN-2014-46777,1/25/2014,KD-16345,Katherine Ducich,Surat,Gujarat,India,FUR-CH-10004339,Furniture,Chairs,"SAFCO Steel Folding Chair, Red",? 771.39,9,? 154.17,Medium
IN-2013-49577,7/22/2013,SC-20020,Sam Craven,Delhi,Delhi,India,FUR-CH-10002209,Furniture,Chairs,"Novimex Chairmat, Red",? 338.04,6,? 94.50,Medium
IN-2014-20870,7/9/2014,EM-14140,Eugene Moren,Malegaon,Maharashtra,India,OFF-SU-10002344,Office Supplies,Supplies,"Stiletto Box Cutter, Serrated",? 163.35,5,? 75.00,High
IN-2014-10020,11/30/2014,AH-10075,Adam Hart,Darbhanga,Bihar,India,FUR-FU-10002223,Furniture,Furnishings,"Deflect-O Stacking Tray, Durable",? 227.61,9,? 56.70,Medium
IN-2011-23712,12/14/2011,SC-20770,Stewart Carmichael,Bhiwandi,Maharashtra,India,OFF-BI-10001312,Office Supplies,Binders,"Cardinal 3-Hole Punch, Clear",? 254.34,9,? 106.65,Medium
IN-2012-47757,6/29/2012,JF-15415,Jennifer Ferguson,Visakhapatnam,Andhra Pradesh,India,OFF-ST-10004668,Office Supplies,Storage,"Smead Trays, Industrial",? 146.88,3,? 23.49,Medium
IN-2013-79292,8/12/2013,DL-13330,Denise Leinenbach,Panipat,Haryana,India,OFF-AR-10002727,Office Supplies,Art,"Stanley Pencil Sharpener, Fluorescent",? 173.46,7,? 48.51,High
IN-2011-70584,4/15/2011,PR-18880,Patrick Ryan,Chennai,Tamil Nadu,India,FUR-CH-10003965,Furniture,Chairs,"Hon Rocking Chair, Red",? 261.24,2,? 101.88,Medium
IN-2011-29928,11/28/2011,VM-21835,Vivian Mathis,Hyderabad,Telangana,India,TEC-AC-10001463,Technology,Accessories,"Logitech Numeric Keypad, Programmable",? 191.28,4,? 34.32,Medium
IN-2014-15011,11/26/2014,MC-17635,Matthew Clasen,Udaipur,Tripura,India,FUR-BO-10002204,Furniture,Bookcases,"Dania Floating Shelf Set, Traditional",? 338.70,2,? 148.98,Medium
IN-2014-63374,6/30/2014,MH-18115,Mick Hernandez,Aligarh,Uttar Pradesh,India,OFF-BI-10002562,Office Supplies,Binders,"Ibico Binding Machine, Durable",? 105.84,2,? 43.38,High
IN-2011-57704,4/19/2011,BM-11785,Bryan Mills,Durgapur,Maharashtra,India,FUR-FU-10002292,Furniture,Furnishings,"Deflect-O Door Stop, Duo Pack",? 132.03,3,? 54.09,Medium
IN-2012-11476,10/29/2012,HH-15010,Hilary Holden,Indore,Madhya Pradesh,India,OFF-EN-10001627,Office Supplies,Envelopes,"Cameo Interoffice Envelope, with clear poly window",? 254.85,5,? 30.45,High
IN-2014-42801,9/11/2014,JP-15460,Jennifer Patt,Hyderabad,Telangana,India,TEC-AC-10000269,Technology,Accessories,"Memorex Numeric Keypad, USB",? 172.08,4,? 27.48,Medium
ID-2013-77836,12/10/2013,JS-16030,Joy Smith,Mumbai,Maharashtra,India,FUR-CH-10000432,Furniture,Chairs,"Harbour Creations Swivel Stool, Adjustable",? 273.92,3,-? 241.07,Medium
IN-2012-70836,10/3/2012,AR-10540,Andy Reiter,Baranagar,West Bengal,India,TEC-AC-10004562,Technology,Accessories,"Enermax Flash Drive, Programmable",? 172.08,4,? 6.84,High
IN-2014-40526,3/30/2014,PF-19165,Philip Fox,Nagpur,Maharashtra,India,TEC-PH-10000297,Technology,Phones,"Apple Office Telephone, with Caller ID",? 130.56,2,? 50.88,High
IN-2011-47309,8/31/2011,PW-19240,Pierre Wener,Chennai,Tamil Nadu,India,OFF-PA-10003381,Office Supplies,Paper,"Eaton Cards & Envelopes, Multicolor",? 93.18,2,? 23.28,High
IN-2011-77479,8/25/2011,CW-11905,Carl Weiss,Guntur,Andhra Pradesh,India,FUR-FU-10000815,Furniture,Furnishings,"Eldon Door Stop, Black",? 150.48,3,? 28.53,High
IN-2014-13051,11/12/2014,LF-17185,Luke Foster,Visakhapatnam,Andhra Pradesh,India,FUR-CH-10001397,Furniture,Chairs,"SAFCO Chairmat, Set of Two",? 124.14,2,? 43.44,High
IN-2014-13737,11/12/2014,DW-13195,David Wiener,Pune,Maharashtra,India,OFF-BI-10000389,Office Supplies,Binders,"Ibico Binding Machine, Clear",? 101.76,2,? 0.00,Critical
IN-2011-73335,6/7/2011,EH-14125,Eugene Hildebrand,Bilaspur,Uttar Pradesh,India,TEC-AC-10003895,Technology,Accessories,"Enermax Mouse, Bluetooth",? 120.87,3,? 53.10,High
IN-2012-18273,8/23/2012,EB-13975,Erica Bern,Parbhani,Maharashtra,India,OFF-AP-10001670,Office Supplies,Appliances,"Hoover Coffee Grinder, White",? 200.79,3,? 8.01,Medium
IN-2014-52272,10/17/2014,BD-11770,Bryan Davis,Bijapur,Karnataka,India,OFF-EN-10004473,Office Supplies,Envelopes,"Ames Interoffice Envelope, with clear poly window",? 389.28,8,? 19.44,Medium
IN-2014-16320,10/27/2014,DW-13480,Dianna Wilson,Mirzapur,Uttar Pradesh,India,OFF-ST-10000287,Office Supplies,Storage,"Rogers Box, Blue",? 71.91,3,? 20.79,Critical
IN-2012-69765,4/7/2012,SV-20935,Susan Vittorini,Bhavnagar,Gujarat,India,OFF-ST-10003445,Office Supplies,Storage,"Rogers Folders, Industrial",? 124.68,4,? 3.72,High
IN-2011-31713,6/9/2011,MW-18235,Mitch Willingham,Hyderabad,Telangana,India,OFF-AR-10000097,Office Supplies,Art,"BIC Sketch Pad, Blue",? 145.98,3,? 4.32,High
IN-2011-74609,8/4/2011,EN-13780,Edward Nazzal,Chennai,Tamil Nadu,India,OFF-FA-10003186,Office Supplies,Fasteners,"Accos Push Pins, Bulk Pack",? 101.64,7,? 33.39,High
IN-2012-21892,3/22/2012,SB-20290,Sean Braxton,Delhi,Delhi,India,FUR-CH-10004600,Furniture,Chairs,"Harbour Creations Chairmat, Red",? 144.00,2,? 67.68,Low
IN-2012-30117,3/29/2012,SV-20815,Stuart Van,Bhatpara,West Bengal,India,FUR-BO-10004699,Furniture,Bookcases,"Dania 3-Shelf Cabinet, Mobile",? 287.94,2,? 0.00,Medium
IN-2011-51964,12/28/2011,AB-10105,Adrian Barton,Kochi,Kerala,India,TEC-AC-10000642,Technology,Accessories,"Logitech Flash Drive, Bluetooth",? 61.02,2,? 23.76,Critical
IN-2013-30257,7/30/2013,JR-16210,Justin Ritter,Srinagar,Jammu and Kashmir,India,TEC-PH-10004675,Technology,Phones,"Nokia Audio Dock, VoIP",? 333.66,2,? 103.38,Medium
IN-2012-26337,6/5/2012,TB-21520,Tracy Blumstein,Bangalore,Karnataka,India,TEC-PH-10002138,Technology,Phones,"Apple Audio Dock, Cordless",? 339.48,2,? 27.12,Medium
IN-2012-16166,6/29/2012,JK-15730,Joe Kamberova,Varanasi,Uttar Pradesh,India,OFF-ST-10000287,Office Supplies,Storage,"Rogers Box, Blue",? 119.85,5,? 34.65,Medium
IN-2014-40428,8/13/2014,AS-10135,Adrian Shami,Bilaspur,Uttar Pradesh,India,OFF-SU-10002732,Office Supplies,Supplies,"Acme Box Cutter, High Speed",? 189.00,5,? 58.50,Medium
IN-2011-46322,6/27/2011,JD-16015,Joy Daniels,Coimbatore,Tamil Nadu,India,OFF-SU-10001731,Office Supplies,Supplies,"Elite Letter Opener, High Speed",? 133.50,5,? 65.40,Medium
IN-2011-30341,11/1/2011,BD-11635,Brian Derr,Ludhiana,Punjab,India,OFF-BI-10001744,Office Supplies,Binders,"Acco Binding Machine, Economy",? 255.45,5,? 28.05,High
IN-2013-21192,8/30/2013,LH-16900,Lena Hernandez,Mirzapur,Uttar Pradesh,India,OFF-SU-10004077,Office Supplies,Supplies,"Acme Letter Opener, Easy Grip",? 286.47,9,? 117.45,Medium
IN-2012-11476,10/29/2012,HH-15010,Hilary Holden,Indore,Madhya Pradesh,India,OFF-PA-10003252,Office Supplies,Paper,"Xerox Note Cards, 8.5 x 11",? 91.53,3,? 0.00,High
IN-2014-71256,5/1/2014,NM-18445,Nathan Mautz,Guwahati,Assam,India,OFF-ST-10004365,Office Supplies,Storage,"Fellowes Shelving, Wire Frame",? 170.73,3,? 80.19,Medium
ID-2011-11392,9/5/2011,TB-21055,Ted Butterfield,Mumbai,Maharashtra,India,OFF-LA-10002575,Office Supplies,Labels,"Smead Legal Exhibit Labels, 5000 Label Set",? 68.94,12,-? 63.54,Critical
IN-2012-68918,10/18/2012,MA-17995,Michelle Arnett,Pimpri,Maharashtra,India,TEC-AC-10002688,Technology,Accessories,"Memorex Memory Card, Bluetooth",? 204.54,2,? 94.08,Medium
IN-2012-32343,8/29/2012,SC-20230,Scot Coram,Bhavnagar,Gujarat,India,OFF-BI-10002632,Office Supplies,Binders,"Acco Binding Machine, Recycled",? 257.25,5,? 69.45,Medium
IN-2013-17671,8/9/2013,CR-12730,Craig Reiter,Jodhpur,Rajasthan,India,OFF-BI-10003025,Office Supplies,Binders,"Cardinal Binding Machine, Durable",? 102.54,2,? 18.42,High
IN-2011-73244,7/29/2011,NF-18475,Neil Franz?sisch,Jabalpur,Madhya Pradesh,India,OFF-SU-10000649,Office Supplies,Supplies,"Fiskars Box Cutter, High Speed",? 106.56,3,? 0.99,Medium
IN-2012-40897,4/6/2012,BO-11425,Bobby Odegard,Jaipur,Rajasthan,India,OFF-AR-10000851,Office Supplies,Art,"Sanford Sketch Pad, Blue",? 227.40,5,? 49.95,Medium
IN-2012-61918,12/28/2012,ON-18715,Odella Nelson,Bangalore,Karnataka,India,TEC-MA-10004428,Technology,Machines,"Panasonic Card Printer, Durable",? 347.88,2,? 163.50,Medium
IN-2014-71907,5/5/2014,BT-11485,Brad Thomas,Kulti,West Bengal,India,OFF-SU-10003537,Office Supplies,Supplies,"Kleencut Scissors, Steel",? 151.83,7,? 42.42,High
IN-2012-35143,1/23/2012,RO-19780,Rose O'Brian,Kollam,Kerala,India,OFF-BI-10002881,Office Supplies,Binders,"Wilson Jones Binding Machine, Economy",? 146.88,3,? 2.88,Medium
IN-2014-19120,3/20/2014,AW-10840,Anthony Witt,Ganganagar,Rajasthan,India,FUR-CH-10003123,Furniture,Chairs,"Hon Chairmat, Black",? 159.30,3,? 27.00,Medium
IN-2014-44138,6/30/2014,SB-20290,Sean Braxton,Guntur,Andhra Pradesh,India,FUR-CH-10000025,Furniture,Chairs,"Office Star Rocking Chair, Set of Two",? 286.32,2,? 57.24,Low
IN-2012-59874,6/11/2012,BG-11695,Brooke Gillingham,Pune,Maharashtra,India,FUR-FU-10000735,Furniture,Furnishings,"Tenex Frame, Erganomic",? 325.80,3,? 48.87,Medium
IN-2014-54694,12/1/2014,HG-14845,Harry Greene,Rajkot,Gujarat,India,OFF-PA-10004946,Office Supplies,Paper,"SanDisk Note Cards, Multicolor",? 237.72,7,? 52.29,Medium
IN-2011-14983,10/10/2011,GH-14485,Gene Hale,Visakhapatnam,Andhra Pradesh,India,FUR-CH-10001756,Furniture,Chairs,"Novimex Bag Chairs, Adjustable",? 290.70,6,? 124.92,Medium
IN-2014-65992,11/18/2014,Co-12640,Corey-Lock,Bangalore,Karnataka,India,TEC-AC-10004012,Technology,Accessories,"Enermax Flash Drive, Erganomic",? 196.65,5,? 82.50,Medium
IN-2011-23131,12/21/2011,JG-15160,James Galang,Jaipur,Rajasthan,India,FUR-BO-10002510,Furniture,Bookcases,"Bush 3-Shelf Cabinet, Mobile",? 145.89,1,? 18.96,Low
IN-2011-25035,8/12/2011,SN-20560,Skye Norling,Amritsar,Punjab,India,TEC-MA-10002039,Technology,Machines,"Panasonic Calculator, Wireless",? 100.56,2,? 14.04,Critical
IN-2014-44264,10/18/2014,SW-20755,Steven Ward,Bangalore,Karnataka,India,OFF-AP-10002933,Office Supplies,Appliances,"Hoover Blender, Silver",? 194.34,2,? 36.90,Medium
IN-2011-26176,8/16/2011,KB-16600,Ken Brennan,Lucknow,Uttar Pradesh,India,FUR-CH-10002966,Furniture,Chairs,"Harbour Creations Swivel Stool, Red",? 180.12,1,? 5.40,Medium
IN-2014-13051,11/12/2014,LF-17185,Luke Foster,Visakhapatnam,Andhra Pradesh,India,OFF-AP-10000391,Office Supplies,Appliances,"Hamilton Beach Coffee Grinder, Black",? 126.27,3,? 56.79,High
IN-2014-68463,5/22/2014,DM-13345,Denise Monton,Bokaro,Jharkhand,India,TEC-MA-10001358,Technology,Machines,"StarTech Phone, Wireless",? 149.04,2,? 65.52,Critical
IN-2011-29872,1/11/2011,DV-13465,Dianna Vittorini,Jammu,Jammu and Kashmir,India,FUR-FU-10001471,Furniture,Furnishings,"Eldon Door Stop, Durable",? 141.57,3,? 52.38,High
IN-2013-76667,6/4/2013,LW-16990,Lindsay Williams,Surat,Gujarat,India,OFF-SU-10000970,Office Supplies,Supplies,"Elite Box Cutter, Easy Grip",? 146.04,4,? 18.96,Medium
IN-2013-11357,2/7/2013,JH-15910,Jonathan Howell,Bihar Sharif,Bihar,India,FUR-FU-10003052,Furniture,Furnishings,"Advantus Photo Frame, Duo Pack",? 159.12,3,? 60.39,Medium
IN-2013-35017,6/7/2013,SR-20740,Steven Roelle,Kalyan,Maharashtra,India,OFF-EN-10004418,Office Supplies,Envelopes,"GlobeWeis Clasp Envelope, Recycled",? 43.50,5,? 6.00,Critical
IN-2013-58915,8/8/2013,HJ-14875,Heather Jas,Mangalore,Karnataka,India,FUR-CH-10001203,Furniture,Chairs,"Novimex Steel Folding Chair, Set of Two",? 168.96,2,? 6.72,Medium
IN-2013-79390,5/7/2013,SC-20695,Steve Chapman,Mysore,Karnataka,India,OFF-ST-10001290,Office Supplies,Storage,"Rogers Shelving, Single Width",? 248.64,4,? 109.32,Medium
IN-2014-54197,3/31/2014,DB-13405,Denny Blanton,Jaipur,Rajasthan,India,OFF-PA-10003350,Office Supplies,Paper,"Eaton Message Books, 8.5 x 11",? 98.88,4,? 37.56,High
IN-2014-68218,10/30/2014,GK-14620,Grace Kelly,Durgapur,West Bengal,India,OFF-ST-10002240,Office Supplies,Storage,"Fellowes Shelving, Blue",? 115.68,2,? 32.34,High
IN-2012-79817,9/26/2012,MM-18280,Muhammed MacIntyre,Coimbatore,Tamil Nadu,India,TEC-CO-10001157,Technology,Copiers,"Hewlett Personal Copier, Color",? 291.42,2,? 131.10,Medium
IN-2012-24783,12/17/2012,GZ-14545,George Zrebassa,Saharanpur,Uttar Pradesh,India,OFF-PA-10003390,Office Supplies,Paper,"Enermax Computer Printout Paper, Recycled",? 141.90,5,? 8.40,Medium
IN-2014-71907,5/5/2014,BT-11485,Brad Thomas,Kulti,West Bengal,India,FUR-CH-10002412,Furniture,Chairs,"Hon Bag Chairs, Black",? 85.44,2,? 0.84,High
IN-2012-63759,12/1/2012,CS-12460,Chuck Sachs,Aligarh,Uttar Pradesh,India,OFF-AP-10001621,Office Supplies,Appliances,"Cuisinart Blender, Silver",? 203.22,3,? 46.71,Medium
IN-2014-52272,10/17/2014,BD-11770,Bryan Davis,Bijapur,Karnataka,India,FUR-FU-10001770,Furniture,Furnishings,"Deflect-O Clock, Erganomic",? 195.72,4,? 97.80,Medium
IN-2014-71998,7/27/2014,AR-10345,Alex Russell,Amritsar,Punjab,India,OFF-AR-10000720,Office Supplies,Art,"Binney & Smith Markers, Fluorescent",? 50.70,2,? 10.14,High
IN-2014-64501,12/29/2014,TB-21250,Tim Brockman,Kanpur,Uttar Pradesh,India,OFF-AP-10002057,Office Supplies,Appliances,"Breville Coffee Grinder, Black",? 245.16,4,? 73.44,Medium
IN-2014-14374,12/15/2014,EM-14065,Erin Mull,Vadodara,Gujarat,India,TEC-AC-10001352,Technology,Accessories,"SanDisk Numeric Keypad, Bluetooth",? 110.70,2,? 12.12,High
IN-2014-75267,11/18/2014,RB-19465,Rick Bensley,Agra,Uttar Pradesh,India,TEC-CO-10004689,Technology,Copiers,"Canon Ink, Color",? 148.59,1,? 28.23,High
IN-2014-76555,9/17/2014,HG-14845,Harry Greene,Ajmer,Rajasthan,India,FUR-CH-10003354,Furniture,Chairs,"Novimex Bag Chairs, Black",? 87.06,2,? 0.84,High
IN-2012-28171,12/19/2012,KH-16510,Keith Herrera,Surat,Gujarat,India,OFF-BI-10001326,Office Supplies,Binders,"Cardinal Binder, Recycled",? 85.14,6,? 21.24,Medium
IN-2012-26204,12/8/2012,DB-13555,Dorothy Badders,Chennai,Tamil Nadu,India,OFF-SU-10002388,Office Supplies,Supplies,"Elite Shears, Easy Grip",? 145.89,3,? 17.46,Medium
IN-2012-47008,8/23/2012,FG-14260,Frank Gastineau,Jabalpur,Madhya Pradesh,India,OFF-BI-10000389,Office Supplies,Binders,"Ibico Binding Machine, Clear",? 101.76,2,? 0.00,Low
IN-2014-78368,10/24/2014,DW-13585,Dorothy Wardle,Surat,Gujarat,India,OFF-EN-10002700,Office Supplies,Envelopes,"Kraft Interoffice Envelope, with clear poly window",? 151.38,3,? 52.92,Medium
IN-2013-77766,1/7/2013,DJ-13420,Denny Joy,Korba,Chhattisgarh,India,FUR-CH-10001895,Furniture,Chairs,"Hon Chairmat, Adjustable",? 174.06,3,? 87.03,Medium
IN-2013-60007,2/22/2013,HG-15025,Hunter Glantz,Allahabad,Uttar Pradesh,India,TEC-CO-10003250,Technology,Copiers,"Brother Personal Copier, Digital",? 427.59,3,? 128.25,Medium
IN-2012-57823,12/5/2012,CR-12625,Corey Roper,Pune,Maharashtra,India,FUR-BO-10000071,Furniture,Bookcases,"Safco 3-Shelf Cabinet, Metal",? 168.30,1,? 79.08,High
IN-2012-32826,4/12/2012,AG-10270,Alejandro Grove,Warangal,Telangana,India,OFF-FA-10003437,Office Supplies,Fasteners,"Accos Clamps, Bulk Pack",? 96.90,5,? 26.10,High
IN-2013-40806,6/24/2013,AC-10450,Amy Cox,Jamshedpur,Jharkhand,India,OFF-PA-10004260,Office Supplies,Paper,"Xerox Memo Slips, Recycled",? 53.76,4,? 19.80,Critical
IN-2014-53427,5/9/2014,LT-16765,Larry Tron,Imphal,Manipur,India,OFF-PA-10004124,Office Supplies,Paper,"SanDisk Message Books, 8.5 x 11",? 111.84,4,? 3.24,Low
IN-2014-65992,11/18/2014,Co-12640,Corey-Lock,Bangalore,Karnataka,India,TEC-AC-10000483,Technology,Accessories,"SanDisk Memory Card, Bluetooth",? 224.82,2,? 6.72,Medium
IN-2012-13828,1/13/2012,LS-17200,Luke Schmidt,Agra,Uttar Pradesh,India,OFF-PA-10003654,Office Supplies,Paper,"SanDisk Memo Slips, Recycled",? 84.45,5,? 17.70,High
IN-2012-52314,10/18/2012,TB-21055,Ted Butterfield,Srinagar,Uttarakhand,India,OFF-BI-10003779,Office Supplies,Binders,"Cardinal 3-Hole Punch, Durable",? 90.90,3,? 36.36,High
IN-2013-34471,6/17/2013,FA-14230,Frank Atkinson,Chennai,Tamil Nadu,India,OFF-PA-10004946,Office Supplies,Paper,"SanDisk Note Cards, Multicolor",? 203.76,6,? 44.82,Medium
IN-2011-29592,12/28/2011,TB-21175,Thomas Boland,Delhi,Delhi,India,FUR-FU-10000666,Furniture,Furnishings,"Rubbermaid Frame, Black",? 109.89,1,? 29.67,Medium
IN-2013-22760,6/14/2013,VT-21700,Valerie Takahito,Ajmer,Rajasthan,India,OFF-SU-10001308,Office Supplies,Supplies,"Fiskars Trimmer, Serrated",? 234.00,6,? 39.78,Medium
IN-2011-37999,6/30/2011,NG-18430,Nathan Gelder,Bhatpara,West Bengal,India,FUR-FU-10002223,Furniture,Furnishings,"Deflect-O Stacking Tray, Durable",? 75.87,3,? 18.90,Low
IN-2012-43291,11/27/2012,GB-14575,Giulietta Baptist,Bilaspur,Uttar Pradesh,India,FUR-FU-10000339,Furniture,Furnishings,"Tenex Frame, Black",? 329.94,3,? 13.14,Medium
IN-2011-36620,9/2/2011,SC-20770,Stewart Carmichael,Bhopal,Madhya Pradesh,India,FUR-FU-10001674,Furniture,Furnishings,"Deflect-O Clock, Duo Pack",? 352.59,7,? 158.55,Medium
IN-2011-39392,3/30/2011,GT-14755,Guy Thornton,Ajmer,Rajasthan,India,OFF-FA-10003745,Office Supplies,Fasteners,"Accos Rubber Bands, Metal",? 218.40,13,? 69.81,Medium
IN-2014-31811,10/22/2014,HW-14935,Helen Wasserman,Puducherry,Puducherry,India,OFF-ST-10001638,Office Supplies,Storage,"Tenex File Cart, Single Width",? 134.61,1,? 39.03,High
IN-2013-79292,8/12/2013,DL-13330,Denise Leinenbach,Panipat,Haryana,India,OFF-AR-10003774,Office Supplies,Art,"Stanley Sketch Pad, Fluorescent",? 137.07,3,? 56.16,High
IN-2013-63829,8/1/2013,DW-13480,Dianna Wilson,Ulhasnagar,Maharashtra,India,FUR-FU-10000496,Furniture,Furnishings,"Eldon Clock, Duo Pack",? 509.22,9,? 239.22,Medium
IN-2014-66510,3/11/2014,SC-20380,Shahid Collister,Delhi,Delhi,India,TEC-AC-10003951,Technology,Accessories,"Logitech Numeric Keypad, USB",? 139.59,3,? 69.75,Medium
IN-2014-41723,8/7/2014,IL-15100,Ivan Liston,Bhilai,Chhattisgarh,India,OFF-BI-10004651,Office Supplies,Binders,"Cardinal Binding Machine, Clear",? 196.92,4,? 90.48,Medium
IN-2013-61841,4/26/2013,CM-12385,Christopher Martinez,Bangalore,Karnataka,India,TEC-PH-10003430,Technology,Phones,"Cisco Speaker Phone, VoIP",? 277.14,2,? 38.76,High
IN-2014-14003,5/26/2014,GH-14425,Gary Hwang,Dewas,Madhya Pradesh,India,OFF-PA-10000924,Office Supplies,Paper,"Green Bar Message Books, Multicolor",? 50.40,2,? 3.00,Critical
IN-2011-31496,1/26/2011,NM-18445,Nathan Mautz,Hyderabad,Telangana,India,OFF-PA-10000070,Office Supplies,Paper,"Eaton Computer Printout Paper, Recycled",? 79.38,3,? 25.38,High
IN-2014-34653,5/30/2014,NK-18490,Neil Knudson,Durg,Chhattisgarh,India,TEC-PH-10004300,Technology,Phones,"Apple Office Telephone, Cordless",? 204.39,3,? 96.03,Medium
IN-2013-26785,8/16/2013,RA-19885,Ruben Ausman,Vadodara,Gujarat,India,OFF-BI-10001399,Office Supplies,Binders,"Avery Binder Covers, Clear",? 52.65,5,? 8.85,High
IN-2014-53707,5/29/2014,DJ-13630,Doug Jacobs,Guntur,Andhra Pradesh,India,FUR-CH-10002932,Furniture,Chairs,"Harbour Creations Rocking Chair, Adjustable",? 149.58,1,? 14.94,Medium
IN-2011-10426,7/6/2011,MT-18070,Michelle Tran,Bangalore,Karnataka,India,OFF-ST-10004331,Office Supplies,Storage,"Eldon Folders, Single Width",? 34.02,2,? 3.36,Critical
IN-2012-43165,1/24/2012,MM-17260,Magdelene Morse,Puducherry,Puducherry,India,FUR-BO-10004161,Furniture,Bookcases,"Bush Corner Shelving, Mobile",? 253.02,2,? 5.04,Medium
ID-2014-23642,10/31/2014,KC-16255,Karen Carlisle,Mumbai,Maharashtra,India,FUR-CH-10004580,Furniture,Chairs,"Office Star Bag Chairs, Adjustable",? 86.90,3,-? 33.08,High
IN-2013-58873,8/6/2013,KH-16510,Keith Herrera,Patiala,Punjab,India,OFF-SU-10002448,Office Supplies,Supplies,"Stiletto Trimmer, High Speed",? 171.00,4,? 32.40,Medium
IN-2014-19673,3/21/2014,NH-18610,Nicole Hansen,Thiruvananthapuram,Kerala,India,OFF-BI-10004666,Office Supplies,Binders,"Wilson Jones Binding Machine, Durable",? 100.92,2,? 45.36,High
IN-2012-32280,10/15/2012,WB-21850,William Brown,Chandigarh,Chandigarh,India,FUR-CH-10001204,Furniture,Chairs,"Harbour Creations Steel Folding Chair, Red",? 195.78,2,? 76.32,Medium
IN-2012-43081,4/7/2012,JS-15685,Jim Sink,Delhi,Delhi,India,TEC-CO-10000565,Technology,Copiers,"Canon Fax and Copier, Color",? 192.78,1,? 92.52,Medium
IN-2014-11427,6/13/2014,ED-13885,Emily Ducich,Indore,Madhya Pradesh,India,FUR-FU-10000496,Furniture,Furnishings,"Eldon Clock, Duo Pack",? 169.74,3,? 79.74,Medium
IN-2011-74994,5/26/2011,AG-10495,Andrew Gjertsen,Ludhiana,Punjab,India,TEC-AC-10004016,Technology,Accessories,"Memorex Flash Drive, Programmable",? 185.40,6,? 44.46,Medium
IN-2011-53203,12/21/2011,AH-10195,Alan Haines,Delhi,Delhi,India,FUR-FU-10000921,Furniture,Furnishings,"Advantus Door Stop, Erganomic",? 43.65,1,? 3.90,Critical
IN-2011-55275,11/8/2011,NP-18700,Nora Preis,Sonipat,Haryana,India,OFF-EN-10002540,Office Supplies,Envelopes,"GlobeWeis Clasp Envelope, with clear poly window",? 53.76,4,? 17.64,Medium
IN-2012-53042,4/14/2012,FG-14260,Frank Gastineau,Aurangabad,Maharashtra,India,OFF-LA-10002875,Office Supplies,Labels,"Novimex Shipping Labels, Adjustable",? 71.04,8,? 21.84,High
ID-2012-65236,8/28/2012,AA-10375,Allen Armold,Mumbai,Maharashtra,India,FUR-BO-10000208,Furniture,Bookcases,"Bush Stackable Bookrack, Mobile",? 185.27,3,-? 81.59,Medium
IN-2013-12092,5/7/2013,JK-15625,Jim Karlsson,Visakhapatnam,Andhra Pradesh,India,TEC-AC-10004938,Technology,Accessories,"Belkin Mouse, Bluetooth",? 284.97,7,? 39.69,Medium
IN-2011-76198,1/26/2011,AA-10645,Anna Andreadi,Hyderabad,Telangana,India,OFF-AR-10002256,Office Supplies,Art,"BIC Sketch Pad, Easy-Erase",? 342.51,7,? 54.60,Low
IN-2011-76961,6/17/2011,RE-19450,Richard Eichhorn,Delhi,Delhi,India,TEC-PH-10001725,Technology,Phones,"Motorola Speaker Phone, Cordless",? 265.26,2,? 13.26,Low
IN-2012-67609,9/28/2012,MY-17380,Maribeth Yedwab,Srinagar,Jammu and Kashmir,India,FUR-CH-10000994,Furniture,Chairs,"Harbour Creations Rocking Chair, Black",? 289.32,2,? 49.14,Medium
IN-2014-49675,3/1/2014,LB-16795,Laurel Beltran,Ratlam,Madhya Pradesh,India,TEC-MA-10003632,Technology,Machines,"Epson Calculator, Wireless",? 185.64,4,? 90.96,Medium
IN-2014-24622,10/22/2014,MM-17920,Michael Moore,Bijapur,Karnataka,India,OFF-BI-10003025,Office Supplies,Binders,"Cardinal Binding Machine, Durable",? 205.08,4,? 36.84,Medium
IN-2011-78823,9/15/2011,ME-17725,Max Engle,Raipur,Rajasthan,India,OFF-ST-10000220,Office Supplies,Storage,"Rogers Shelving, Industrial",? 187.83,3,? 33.75,Medium
IN-2011-62982,3/30/2011,VG-21790,Vivek Gonzalez,Durgapur,West Bengal,India,TEC-AC-10001835,Technology,Accessories,"Belkin Mouse, Programmable",? 126.63,3,? 17.64,Medium
IN-2013-33302,5/17/2013,SZ-20035,Sam Zeldin,Kalyan,Maharashtra,India,FUR-CH-10000825,Furniture,Chairs,"SAFCO Chairmat, Red",? 119.64,2,? 46.62,High
IN-2014-18777,9/4/2014,MZ-17515,Mary Zewe,Brahmapur,Odisha,India,OFF-BI-10003025,Office Supplies,Binders,"Cardinal Binding Machine, Durable",? 102.54,2,? 18.42,Medium
IN-2014-10475,7/11/2014,TH-21100,Thea Hendricks,Madurai,Tamil Nadu,India,OFF-LA-10000707,Office Supplies,Labels,"Avery Removable Labels, Adjustable",? 43.20,5,? 1.20,Critical
IN-2014-70724,6/5/2014,CC-12370,Christopher Conant,Solapur,Maharashtra,India,OFF-SU-10002709,Office Supplies,Supplies,"Fiskars Letter Opener, Easy Grip",? 118.20,4,? 48.36,Medium
IN-2014-50480,10/10/2014,JW-15955,Joni Wasserman,Akola,Maharashtra,India,OFF-EN-10004424,Office Supplies,Envelopes,"GlobeWeis Interoffice Envelope, Set of 50",? 95.64,2,? 14.34,Low
IN-2013-78809,1/22/2013,AG-10900,Arthur Gainer,Pune,Maharashtra,India,OFF-PA-10001327,Office Supplies,Paper,"SanDisk Cards & Envelopes, Recycled",? 144.99,3,? 12.96,High
IN-2013-54757,10/29/2013,AR-10825,Anthony Rawles,Pune,Maharashtra,India,FUR-CH-10001756,Furniture,Chairs,"Novimex Bag Chairs, Adjustable",? 96.90,2,? 41.64,High
IN-2014-71256,5/1/2014,NM-18445,Nathan Mautz,Guwahati,Assam,India,OFF-EN-10004473,Office Supplies,Envelopes,"Ames Interoffice Envelope, with clear poly window",? 194.64,4,? 9.72,Medium
IN-2014-77339,6/10/2014,JC-16105,Julie Creighton,Thane,Maharashtra,India,OFF-LA-10002765,Office Supplies,Labels,"Harbour Creations Legal Exhibit Labels, Adjustable",? 61.95,7,? 7.35,Medium
IN-2014-52412,10/2/2014,SC-20020,Sam Craven,Dehra Dun,Uttarakhand,India,TEC-MA-10000776,Technology,Machines,"Okidata Calculator, Wireless",? 156.87,3,? 39.15,Medium
IN-2014-50179,10/13/2014,JR-15700,Jocasta Rupert,Coimbatore,Tamil Nadu,India,TEC-CO-10000778,Technology,Copiers,"Sharp Fax and Copier, Color",? 340.08,2,? 33.96,Medium
IN-2014-76016,9/26/2014,VG-21805,Vivek Grady,Thiruvananthapuram,Kerala,India,OFF-PA-10004741,Office Supplies,Paper,"SanDisk Cards & Envelopes, 8.5 x 11",? 210.24,4,? 10.44,Medium
IN-2012-49801,6/6/2012,JS-16030,Joy Smith,Agra,Uttar Pradesh,India,OFF-BI-10004454,Office Supplies,Binders,"Cardinal Binder Covers, Clear",? 80.22,7,? 35.28,High
IN-2014-38531,8/20/2014,MV-18190,Mike Vittorini,Delhi,Delhi,India,OFF-AP-10003032,Office Supplies,Appliances,"Hoover Stove, Red","? 3,410.82",6,? 136.26,Medium
IN-2011-43109,9/27/2011,WB-21850,William Brown,Amravati,Maharashtra,India,FUR-CH-10002207,Furniture,Chairs,"Hon Chairmat, Set of Two",? 173.34,3,? 76.23,Medium
IN-2011-47309,8/31/2011,PW-19240,Pierre Wener,Chennai,Tamil Nadu,India,OFF-BI-10003142,Office Supplies,Binders,"Acco Binder Covers, Clear",? 76.68,6,? 0.00,High
IN-2013-53455,6/19/2013,CR-12730,Craig Reiter,Moradabad,Uttar Pradesh,India,TEC-PH-10002154,Technology,Phones,"Cisco Headset, Full Size",? 179.46,2,? 43.02,Medium
IN-2012-43165,1/24/2012,MM-17260,Magdelene Morse,Puducherry,Puducherry,India,OFF-ST-10002240,Office Supplies,Storage,"Fellowes Shelving, Blue",? 231.36,4,? 64.68,Medium
IN-2014-34842,8/18/2014,DS-13030,Darrin Sayre,Varanasi,Uttar Pradesh,India,OFF-AP-10002017,Office Supplies,Appliances,"Cuisinart Blender, Red",? 267.96,4,? 48.12,Medium
IN-2014-34653,5/30/2014,NK-18490,Neil Knudson,Durg,Chhattisgarh,India,OFF-AR-10002417,Office Supplies,Art,"Boston Sketch Pad, Water Color",? 155.34,3,? 17.01,Medium
IN-2012-43291,11/27/2012,GB-14575,Giulietta Baptist,Bilaspur,Uttar Pradesh,India,OFF-SU-10001686,Office Supplies,Supplies,"Kleencut Trimmer, Easy Grip",? 129.15,3,? 23.22,Medium
IN-2014-26918,10/13/2014,MC-17575,Matt Collins,Ludhiana,Punjab,India,OFF-PA-10000383,Office Supplies,Paper,"Green Bar Note Cards, Premium",? 62.40,2,? 3.12,High
IN-2012-58432,8/10/2012,AS-10630,Ann Steele,Bhatpara,West Bengal,India,OFF-EN-10003463,Office Supplies,Envelopes,"Jiffy Peel and Seal, Recycled",? 169.29,9,? 65.88,Medium
IN-2013-55933,7/18/2013,AB-10015,Aaron Bergman,Hyderabad,Telangana,India,OFF-ST-10003445,Office Supplies,Storage,"Rogers Folders, Industrial",? 93.51,3,? 2.79,High
IN-2013-48471,2/13/2013,VG-21790,Vivek Gonzalez,Moradabad,Uttar Pradesh,India,OFF-FA-10003980,Office Supplies,Fasteners,"OIC Paper Clips, Metal",? 72.75,5,? 5.70,High
IN-2013-22102,9/13/2013,AH-10195,Alan Haines,Guwahati,Assam,India,OFF-ST-10001534,Office Supplies,Storage,"Smead Folders, Industrial",? 53.91,3,? 24.75,High
IN-2012-74168,10/20/2012,JM-15535,Jessica Myrick,Thane,Maharashtra,India,OFF-AP-10004972,Office Supplies,Appliances,"Breville Coffee Grinder, Red",? 185.58,3,? 59.31,Medium
IN-2014-31622,4/21/2014,SS-20590,Sonia Sunley,Gorakhpur,Uttar Pradesh,India,FUR-BO-10000610,Furniture,Bookcases,"Ikea Stackable Bookrack, Mobile",? 500.40,4,? 245.16,Medium
IN-2014-72313,7/23/2014,CM-12715,Craig Molinari,Sangli,Maharashtra,India,OFF-PA-10003906,Office Supplies,Paper,"Eaton Memo Slips, Premium",? 41.22,3,? 18.54,Critical
IN-2012-26757,1/25/2012,VM-21685,Valerie Mitchum,Visakhapatnam,Andhra Pradesh,India,OFF-ST-10004346,Office Supplies,Storage,"Tenex Shelving, Single Width",? 164.07,3,? 21.24,Medium
IN-2013-60308,11/2/2013,PO-19195,Phillina Ober,Lucknow,Uttar Pradesh,India,OFF-LA-10000615,Office Supplies,Labels,"Hon Removable Labels, Adjustable",? 74.55,7,? 17.85,Medium
IN-2014-36627,8/22/2014,JK-16090,Juliana Krohn,Ajmer,Rajasthan,India,FUR-CH-10004163,Furniture,Chairs,"Novimex Steel Folding Chair, Adjustable",? 169.44,2,? 33.84,Medium
IN-2014-19981,4/2/2014,CA-12310,Christine Abelman,Meerut,Uttar Pradesh,India,OFF-AR-10004780,Office Supplies,Art,"Stanley Markers, Blue",? 66.60,3,? 31.95,Medium
IN-2014-20870,7/9/2014,EM-14140,Eugene Moren,Malegaon,Maharashtra,India,FUR-FU-10002648,Furniture,Furnishings,"Rubbermaid Stacking Tray, Erganomic",? 95.04,4,? 46.56,High
IN-2011-31895,2/18/2011,RD-19900,Ruben Dartt,Jaipur,Rajasthan,India,FUR-CH-10001871,Furniture,Chairs,"Harbour Creations Steel Folding Chair, Set of Two",? 300.42,3,? 18.00,Medium
IN-2012-48240,5/25/2012,GP-14740,Guy Phonely,Delhi,Delhi,India,OFF-LA-10002992,Office Supplies,Labels,"Novimex Removable Labels, 5000 Label Set",? 49.35,5,? 0.45,Critical
IN-2014-32168,8/21/2014,TC-20980,Tamara Chand,Guntur,Andhra Pradesh,India,FUR-FU-10002928,Furniture,Furnishings,"Eldon Light Bulb, Erganomic",? 47.64,2,? 19.50,High
IN-2014-36200,4/23/2014,PC-19000,Pauline Chand,Ratlam,Madhya Pradesh,India,OFF-FA-10002241,Office Supplies,Fasteners,"Stockwell Clamps, Bulk Pack",? 75.36,4,? 25.56,Low
IN-2014-62660,1/15/2014,JB-16045,Julia Barnett,Bhiwandi,Maharashtra,India,TEC-AC-10001703,Technology,Accessories,"Memorex Keyboard, USB",? 143.10,2,? 9.96,High
IN-2012-28367,11/28/2012,CS-11950,Carlos Soltero,Bareilly,Uttar Pradesh,India,OFF-FA-10002635,Office Supplies,Fasteners,"Accos Thumb Tacks, Metal",? 27.60,2,? 6.30,Critical
IN-2012-63759,12/1/2012,CS-12460,Chuck Sachs,Aligarh,Uttar Pradesh,India,OFF-SU-10003834,Office Supplies,Supplies,"Stiletto Shears, High Speed",? 336.63,7,? 127.89,Medium
IN-2012-28528,10/1/2012,CA-12775,Cynthia Arntzen,Delhi,Delhi,India,OFF-AP-10001254,Office Supplies,Appliances,"KitchenAid Coffee Grinder, Red",? 211.41,3,? 82.44,Medium
IN-2014-10272,12/2/2014,PS-18760,Pamela Stobb,Moradabad,Uttar Pradesh,India,OFF-AP-10000904,Office Supplies,Appliances,"Cuisinart Coffee Grinder, Silver",? 118.08,3,? 25.92,Medium
IN-2014-44264,10/18/2014,SW-20755,Steven Ward,Bangalore,Karnataka,India,FUR-CH-10001465,Furniture,Chairs,"Hon Swivel Stool, Red",? 163.65,1,? 75.27,Medium
IN-2013-47393,9/11/2013,MH-17455,Mark Hamilton,Bhilai,Chhattisgarh,India,FUR-FU-10002459,Furniture,Furnishings,"Rubbermaid Door Stop, Duo Pack",? 131.58,3,? 15.75,High
IN-2013-65075,3/23/2013,GZ-14470,Gary Zandusky,Ludhiana,Punjab,India,OFF-AR-10004068,Office Supplies,Art,"Boston Markers, Fluorescent",? 193.41,7,? 85.05,Medium
IN-2011-49129,3/21/2011,MV-18190,Mike Vittorini,Nellore,Andhra Pradesh,India,OFF-SU-10004766,Office Supplies,Supplies,"Kleencut Shears, Easy Grip",? 96.78,2,? 44.46,High
IN-2012-57823,12/5/2012,CR-12625,Corey Roper,Pune,Maharashtra,India,OFF-SU-10003651,Office Supplies,Supplies,"Elite Ruler, Serrated",? 94.50,9,? 10.26,High
IN-2014-19673,3/21/2014,NH-18610,Nicole Hansen,Thiruvananthapuram,Kerala,India,OFF-EN-10002425,Office Supplies,Envelopes,"Ames Peel and Seal, Set of 50",? 74.76,4,? 2.16,High
IN-2012-17727,4/16/2012,GH-14425,Gary Hwang,Bangalore,Karnataka,India,OFF-ST-10004464,Office Supplies,Storage,"Eldon Trays, Blue",? 143.91,3,? 63.27,Medium
IN-2012-32805,12/19/2012,AF-10885,Art Foster,Solapur,Maharashtra,India,OFF-BI-10003098,Office Supplies,Binders,"Ibico Binding Machine, Economy",? 154.26,3,? 60.12,High
IN-2014-53000,8/7/2014,JO-15145,Jack O'Briant,Kozhikode,Kerala,India,OFF-AR-10003046,Office Supplies,Art,"Sanford Sketch Pad, Fluorescent",? 140.22,3,? 42.03,Medium
IN-2013-51285,4/18/2013,JP-16135,Julie Prescott,Bikaner,Rajasthan,India,FUR-CH-10000994,Furniture,Chairs,"Harbour Creations Rocking Chair, Black",? 144.66,1,? 24.57,Medium
IN-2014-54197,3/31/2014,DB-13405,Denny Blanton,Jaipur,Rajasthan,India,TEC-AC-10001352,Technology,Accessories,"SanDisk Numeric Keypad, Bluetooth",? 110.70,2,? 12.12,High
IN-2014-10272,12/2/2014,PS-18760,Pamela Stobb,Moradabad,Uttar Pradesh,India,OFF-SU-10002445,Office Supplies,Supplies,"Fiskars Trimmer, High Speed",? 338.40,8,? 97.92,Medium
IN-2012-46448,5/31/2012,SW-20245,Scot Wooten,Fatehpur,Rajasthan,India,OFF-BI-10003806,Office Supplies,Binders,"Avery Index Tab, Clear",? 50.64,8,? 24.24,High
IN-2012-71340,6/25/2012,GT-14710,Greg Tran,Patna,Bihar,India,OFF-SU-10000207,Office Supplies,Supplies,"Kleencut Box Cutter, High Speed",? 69.30,2,? 16.62,High
ID-2014-23642,10/31/2014,KC-16255,Karen Carlisle,Mumbai,Maharashtra,India,OFF-ST-10003411,Office Supplies,Storage,"Eldon Trays, Wire Frame",? 70.56,3,-? 49.41,High
IN-2011-69177,10/27/2011,SG-20080,Sandra Glassco,Gorakhpur,Haryana,India,TEC-MA-10004954,Technology,Machines,"StarTech Calculator, Red",? 185.55,5,? 79.65,Medium
IN-2013-70381,9/30/2013,HJ-14875,Heather Jas,Hyderabad,Telangana,India,OFF-AR-10001850,Office Supplies,Art,"BIC Highlighters, Fluorescent",? 60.57,3,? 7.83,Low
IN-2011-16341,12/29/2011,NZ-18565,Nick Zandusky,Jamnagar,Gujarat,India,TEC-PH-10000922,Technology,Phones,"Nokia Headset, with Caller ID",? 219.33,3,? 78.93,High
IN-2014-64669,1/20/2014,VP-21730,Victor Preis,Lucknow,Uttar Pradesh,India,OFF-LA-10000506,Office Supplies,Labels,"Harbour Creations Legal Exhibit Labels, Laser Printer Compatible",? 54.75,5,? 15.75,High
IN-2012-40946,11/2/2012,PG-18895,Paul Gonzalez,Bhavnagar,Gujarat,India,OFF-BI-10000721,Office Supplies,Binders,"Ibico Binder Covers, Recycled",? 140.10,10,? 5.40,Medium
IN-2011-49129,3/21/2011,MV-18190,Mike Vittorini,Nellore,Andhra Pradesh,India,OFF-EN-10004550,Office Supplies,Envelopes,"GlobeWeis Interoffice Envelope, Recycled",? 93.24,2,? 29.82,High
IN-2014-36627,8/22/2014,JK-16090,Juliana Krohn,Ajmer,Rajasthan,India,FUR-CH-10001797,Furniture,Chairs,"Harbour Creations Bag Chairs, Adjustable",? 128.22,2,? 48.72,Medium
IN-2013-59867,9/11/2013,EP-13915,Emily Phan,Jamshedpur,Jharkhand,India,OFF-BI-10004181,Office Supplies,Binders,"Avery 3-Hole Punch, Clear",? 109.32,4,? 12.00,Medium
IN-2013-18483,5/24/2013,ND-18460,Neil Ducich,Raipur,Uttarakhand,India,OFF-AR-10001226,Office Supplies,Art,"Boston Pencil Sharpener, Fluorescent",? 173.70,6,? 3.42,Medium
IN-2011-77479,8/25/2011,CW-11905,Carl Weiss,Guntur,Andhra Pradesh,India,TEC-AC-10004938,Technology,Accessories,"Belkin Mouse, Bluetooth",? 122.13,3,? 17.01,High
IN-2014-51187,5/20/2014,MN-17935,Michael Nguyen,Kollam,Kerala,India,OFF-EN-10000296,Office Supplies,Envelopes,"Cameo Business Envelopes, Security-Tint",? 84.75,5,? 6.75,Critical
IN-2013-61127,12/21/2013,KB-16585,Ken Black,Puducherry,Puducherry,India,OFF-FA-10000838,Office Supplies,Fasteners,"Stockwell Push Pins, Assorted Sizes",? 118.20,10,? 0.90,Medium
IN-2014-39434,9/25/2014,JB-15925,Joni Blumstein,Delhi,Delhi,India,OFF-EN-10001162,Office Supplies,Envelopes,"GlobeWeis Mailers, Set of 50",? 77.10,2,? 33.12,Low
IN-2014-13331,11/17/2014,BD-11560,Brendan Dodson,Nagercoil,Tamil Nadu,India,TEC-AC-10001438,Technology,Accessories,"SanDisk Flash Drive, Programmable",? 123.12,3,? 20.88,Medium
IN-2012-55618,12/12/2012,MG-17695,Maureen Gnade,Belgaum,Karnataka,India,OFF-ST-10000007,Office Supplies,Storage,"Fellowes File Cart, Single Width",? 412.02,3,? 206.01,Medium
IN-2014-62716,10/19/2014,RP-19270,Rachel Payne,Ranchi,Jharkhand,India,OFF-AR-10002747,Office Supplies,Art,"Boston Canvas, Fluorescent",? 109.80,2,? 43.92,Medium
IN-2012-29130,6/16/2012,JR-15700,Jocasta Rupert,Kollam,Kerala,India,OFF-ST-10001290,Office Supplies,Storage,"Rogers Shelving, Single Width",? 124.32,2,? 54.66,Medium
IN-2014-68218,10/30/2014,GK-14620,Grace Kelly,Durgapur,West Bengal,India,OFF-PA-10003381,Office Supplies,Paper,"Eaton Cards & Envelopes, Multicolor",? 93.18,2,? 23.28,High
IN-2011-59286,9/26/2011,TD-20995,Tamara Dahlen,Nasik,Maharashtra,India,OFF-FA-10000757,Office Supplies,Fasteners,"Stockwell Paper Clips, Assorted Sizes",? 32.85,3,? 13.41,Critical
IN-2014-63325,9/11/2014,JK-16090,Juliana Krohn,Indore,Madhya Pradesh,India,TEC-AC-10003416,Technology,Accessories,"Memorex Mouse, USB",? 141.90,5,? 4.20,Medium
IN-2013-78935,8/26/2013,AS-10285,Alejandro Savely,Avadi,Tamil Nadu,India,TEC-AC-10002324,Technology,Accessories,"Enermax Numeric Keypad, Bluetooth",? 114.66,2,? 4.56,High
IN-2012-71340,6/25/2012,GT-14710,Greg Tran,Patna,Bihar,India,OFF-FA-10004659,Office Supplies,Fasteners,"Stockwell Thumb Tacks, 12 Pack",? 38.88,3,? 12.42,High
IN-2011-22585,8/20/2011,VP-21730,Victor Preis,Hapur,Uttar Pradesh,India,OFF-ST-10004583,Office Supplies,Storage,"Eldon Shelving, Single Width",? 145.35,3,? 7.20,Medium
IN-2012-35752,7/7/2012,OT-18730,Olvera Toch,Raipur,Chhattisgarh,India,OFF-PA-10001944,Office Supplies,Paper,"SanDisk Computer Printout Paper, Premium",? 178.74,6,? 14.22,Medium
IN-2012-66090,8/31/2012,SH-20635,Stefanie Holloman,Rajkot,Gujarat,India,OFF-AP-10000043,Office Supplies,Appliances,"Cuisinart Toaster, Silver",? 108.42,2,? 43.32,Medium
IN-2014-72565,6/2/2014,MW-18235,Mitch Willingham,Hyderabad,Telangana,India,OFF-BI-10004120,Office Supplies,Binders,"Ibico 3-Hole Punch, Durable",? 95.85,3,? 22.95,Medium
IN-2012-37362,6/27/2012,DB-13120,David Bremer,Hubli,Karnataka,India,OFF-BI-10003779,Office Supplies,Binders,"Cardinal 3-Hole Punch, Durable",? 181.80,6,? 72.72,Medium
IN-2013-32945,12/26/2013,PW-19030,Pauline Webber,Shimoga,Karnataka,India,TEC-AC-10000332,Technology,Accessories,"Logitech Keyboard, USB",? 145.32,2,? 45.00,Medium
IN-2013-58873,8/6/2013,KH-16510,Keith Herrera,Patiala,Punjab,India,FUR-FU-10001619,Furniture,Furnishings,"Advantus Clock, Erganomic",? 200.04,4,? 78.00,Medium
IN-2013-30257,7/30/2013,JR-16210,Justin Ritter,Srinagar,Jammu and Kashmir,India,TEC-AC-10003734,Technology,Accessories,"Memorex Numeric Keypad, Erganomic",? 93.42,2,? 42.96,Medium
IN-2013-22760,6/14/2013,VT-21700,Valerie Takahito,Ajmer,Rajasthan,India,OFF-EN-10002258,Office Supplies,Envelopes,"Jiffy Mailers, with clear poly window",? 244.26,6,? 95.22,Medium
IN-2014-46777,1/25/2014,KD-16345,Katherine Ducich,Surat,Gujarat,India,TEC-AC-10004081,Technology,Accessories,"Logitech Keyboard, Bluetooth",? 144.90,2,? 72.42,Medium
IN-2013-50410,1/1/2013,NP-18685,Nora Pelletier,Salem,Tamil Nadu,India,OFF-ST-10003256,Office Supplies,Storage,"Eldon Shelving, Wire Frame",? 94.98,2,? 0.00,Medium
IN-2013-73342,11/13/2013,MH-17290,Marc Harrigan,Tirunelveli,Tamil Nadu,India,OFF-SU-10000283,Office Supplies,Supplies,"Stiletto Letter Opener, Easy Grip",? 85.14,3,? 13.59,Medium
IN-2013-15683,10/28/2013,LC-16885,Lena Creighton,Bangalore,Karnataka,India,TEC-AC-10000896,Technology,Accessories,"Belkin Numeric Keypad, Erganomic",? 177.75,3,? 30.15,Medium
IN-2013-34268,3/4/2013,LC-16870,Lena Cacioppo,Jodhpur,Rajasthan,India,FUR-BO-10002510,Furniture,Bookcases,"Bush 3-Shelf Cabinet, Mobile",? 291.78,2,? 37.92,Medium
IN-2013-18707,9/18/2013,JF-15190,Jamie Frazer,Indore,Madhya Pradesh,India,FUR-FU-10001447,Furniture,Furnishings,"Eldon Stacking Tray, Duo Pack",? 157.80,5,? 12.60,Medium
IN-2011-75218,5/31/2011,AH-10465,Amy Hunt,Belgaum,Karnataka,India,OFF-EN-10003498,Office Supplies,Envelopes,"Cameo Interoffice Envelope, Recycled",? 138.69,3,? 51.30,Medium
IN-2012-68918,10/18/2012,MA-17995,Michelle Arnett,Pimpri,Maharashtra,India,TEC-MA-10004421,Technology,Machines,"Konica Inkjet, Wireless",? 313.56,1,? 147.36,Medium
IN-2014-65243,12/4/2014,BE-11455,Brad Eason,Moradabad,Uttar Pradesh,India,OFF-PA-10002022,Office Supplies,Paper,"Xerox Message Books, 8.5 x 11",? 49.02,2,? 1.44,High
IN-2014-15011,11/26/2014,MC-17635,Matthew Clasen,Udaipur,Tripura,India,OFF-ST-10001124,Office Supplies,Storage,"Fellowes Trays, Wire Frame",? 112.92,2,? 14.64,Medium
IN-2014-19120,3/20/2014,AW-10840,Anthony Witt,Ganganagar,Rajasthan,India,TEC-AC-10001600,Technology,Accessories,"Belkin Numeric Keypad, Bluetooth",? 115.50,2,? 49.62,Medium
IN-2014-21920,5/31/2014,BF-11005,Barry Franz,Bangalore,Karnataka,India,OFF-AR-10001132,Office Supplies,Art,"BIC Markers, Blue",? 79.29,3,? 34.83,High
IN-2013-77766,1/7/2013,DJ-13420,Denny Joy,Korba,Chhattisgarh,India,TEC-PH-10002138,Technology,Phones,"Apple Audio Dock, Cordless",? 339.48,2,? 27.12,Medium
IN-2014-42808,11/6/2014,PB-18805,Patrick Bzostek,Jhansi,Uttar Pradesh,India,FUR-CH-10002743,Furniture,Chairs,"Novimex Chairmat, Adjustable",? 235.32,4,? 0.00,Medium
IN-2013-53763,12/27/2013,AR-10510,Andrew Roberts,Durg,Chhattisgarh,India,FUR-FU-10002928,Furniture,Furnishings,"Rubbermaid Clock, Durable",? 141.57,3,? 49.50,Medium
IN-2012-56647,8/23/2012,PH-18790,Patricia Hirasaki,Durgapur,West Bengal,India,OFF-LA-10002364,Office Supplies,Labels,"Smead Shipping Labels, Alphabetical",? 125.73,11,? 36.30,Medium
IN-2013-49857,10/7/2013,SF-20200,Sarah Foster,Kanpur,Uttar Pradesh,India,FUR-CH-10000351,Furniture,Chairs,"Novimex Chairmat, Set of Two",? 175.77,3,? 64.98,Medium
IN-2014-14780,10/17/2014,CR-12820,Cyra Reiten,Patna,Bihar,India,OFF-AR-10003978,Office Supplies,Art,"Binney & Smith Sketch Pad, Easy-Erase",? 93.18,2,? 36.30,High
IN-2014-69205,8/13/2014,LC-16885,Lena Creighton,Guwahati,Assam,India,OFF-EN-10003498,Office Supplies,Envelopes,"Cameo Interoffice Envelope, Recycled",? 138.69,3,? 51.30,Medium
IN-2013-33302,5/17/2013,SZ-20035,Sam Zeldin,Kalyan,Maharashtra,India,FUR-FU-10003960,Furniture,Furnishings,"Deflect-O Stacking Tray, Erganomic",? 66.96,3,? 5.31,High
IN-2014-63710,9/9/2014,AB-10015,Aaron Bergman,Hubli,Karnataka,India,OFF-BI-10004666,Office Supplies,Binders,"Wilson Jones Binding Machine, Durable",? 50.46,1,? 22.68,Critical
IN-2014-15011,11/26/2014,MC-17635,Matthew Clasen,Udaipur,Tripura,India,FUR-FU-10002659,Furniture,Furnishings,"Eldon Clock, Black",? 113.04,2,? 38.40,Medium
IN-2013-52972,12/31/2013,BD-11620,Brian DeCherney,Malegaon,Maharashtra,India,FUR-BO-10001641,Furniture,Bookcases,"Bush 3-Shelf Cabinet, Traditional",? 143.37,1,? 50.16,Medium
IN-2013-19400,8/29/2013,DP-13390,Dennis Pardue,Kanpur,Uttar Pradesh,India,OFF-BI-10004534,Office Supplies,Binders,"Wilson Jones Binding Machine, Recycled",? 147.96,3,? 47.34,Medium
IN-2014-63374,6/30/2014,MH-18115,Mick Hernandez,Aligarh,Uttar Pradesh,India,OFF-EN-10002700,Office Supplies,Envelopes,"Kraft Interoffice Envelope, with clear poly window",? 50.46,1,? 17.64,High
IN-2014-61211,8/18/2014,GW-14605,Giulietta Weimer,Gulbarga,Karnataka,India,OFF-EN-10002985,Office Supplies,Envelopes,"Cameo Peel and Seal, Recycled",? 178.20,9,? 21.33,Medium
IN-2012-48317,8/17/2012,ML-18265,Muhammed Lee,Delhi,Delhi,India,OFF-AP-10000490,Office Supplies,Appliances,"Hamilton Beach Coffee Grinder, Silver",? 130.23,3,? 32.49,Medium
IN-2012-32343,8/29/2012,SC-20230,Scot Coram,Bhavnagar,Gujarat,India,TEC-AC-10000483,Technology,Accessories,"SanDisk Memory Card, Bluetooth",? 337.23,3,? 10.08,Medium
IN-2013-22879,11/9/2013,SW-20275,Scott Williamson,Barddhaman,West Bengal,India,OFF-BI-10003367,Office Supplies,Binders,"Wilson Jones Binder, Recycled",? 66.90,5,? 29.40,High
IN-2013-34506,10/12/2013,GR-14560,Georgia Rosenberg,Chennai,Tamil Nadu,India,OFF-PA-10000453,Office Supplies,Paper,"Xerox Cards & Envelopes, 8.5 x 11",? 98.22,2,? 34.32,Medium
IN-2014-14374,12/15/2014,EM-14065,Erin Mull,Vadodara,Gujarat,India,OFF-BI-10000721,Office Supplies,Binders,"Ibico Binder Covers, Recycled",? 112.08,8,? 4.32,High
IN-2013-68449,1/28/2013,PC-18745,Pamela Coakley,Mumbai,Maharashtra,India,OFF-ST-10002240,Office Supplies,Storage,"Fellowes Shelving, Blue",? 86.76,3,-? 38.25,Medium
IN-2014-28192,1/9/2014,JW-16075,Julia West,Ajmer,Rajasthan,India,OFF-EN-10002425,Office Supplies,Envelopes,"Ames Peel and Seal, Set of 50",? 37.38,2,? 1.08,High
IN-2013-11357,2/7/2013,JH-15910,Jonathan Howell,Bihar Sharif,Bihar,India,OFF-ST-10004382,Office Supplies,Storage,"Tenex Folders, Industrial",? 142.20,6,? 29.70,Medium
IN-2013-31825,12/7/2013,JK-15325,Jason Klamczynski,Bangalore,Karnataka,India,FUR-CH-10002932,Furniture,Chairs,"Harbour Creations Rocking Chair, Adjustable",? 149.58,1,? 14.94,Medium
IN-2012-54134,11/26/2012,LB-16735,Larry Blacks,Ujjain,Madhya Pradesh,India,FUR-FU-10003420,Furniture,Furnishings,"Deflect-O Door Stop, Durable",? 122.94,3,? 50.40,Medium
IN-2014-19463,9/9/2014,LW-16825,Laurel Workman,Mysore,Karnataka,India,FUR-FU-10003939,Furniture,Furnishings,"Tenex Photo Frame, Duo Pack",? 155.70,3,? 55.98,Medium
IN-2014-56241,11/11/2014,HZ-14950,Henia Zydlo,Jaipur,Rajasthan,India,TEC-PH-10001921,Technology,Phones,"Nokia Signal Booster, with Caller ID",? 136.50,1,? 15.00,Medium
IN-2011-68904,9/26/2011,AH-10690,Anna H?berlin,Raipur,Uttarakhand,India,OFF-PA-10003418,Office Supplies,Paper,"Enermax Memo Slips, Multicolor",? 102.42,6,? 34.74,Medium
ID-2014-21640,12/27/2014,SU-20665,Stephanie Ulpright,Mumbai,Maharashtra,India,OFF-ST-10003306,Office Supplies,Storage,"Eldon File Cart, Single Width",? 192.56,3,-? 154.13,Medium
IN-2012-55282,11/2/2012,AS-10240,Alan Shonely,Aligarh,Uttar Pradesh,India,OFF-PA-10000453,Office Supplies,Paper,"Xerox Cards & Envelopes, 8.5 x 11",? 343.77,7,? 120.12,Medium
IN-2011-46504,2/19/2011,LT-16765,Larry Tron,Warangal,Telangana,India,OFF-SU-10002742,Office Supplies,Supplies,"Stiletto Trimmer, Serrated",? 118.35,3,? 36.63,High
IN-2012-31076,9/5/2012,MB-17305,Maria Bertelson,Hyderabad,Telangana,India,OFF-SU-10001442,Office Supplies,Supplies,"Acme Scissors, Steel",? 74.52,3,? 10.35,High
IN-2012-59874,6/11/2012,BG-11695,Brooke Gillingham,Pune,Maharashtra,India,OFF-BI-10000721,Office Supplies,Binders,"Ibico Binder Covers, Recycled",? 84.06,6,? 3.24,Medium
IN-2012-70325,1/11/2012,AB-10015,Aaron Bergman,Kolhapur,Maharashtra,India,TEC-AC-10004054,Technology,Accessories,"Memorex Keyboard, Bluetooth",? 142.68,2,? 45.60,Medium
IN-2014-44264,10/18/2014,SW-20755,Steven Ward,Bangalore,Karnataka,India,OFF-SU-10000866,Office Supplies,Supplies,"Elite Trimmer, Serrated",? 115.11,3,? 13.77,Medium
IN-2013-71774,5/8/2013,AC-10615,Ann Chong,Barasat,West Bengal,India,OFF-PA-10001006,Office Supplies,Paper,"Eaton Message Books, Recycled",? 204.90,10,? 85.80,Medium
IN-2012-41926,9/12/2012,TB-21055,Ted Butterfield,Lucknow,Uttar Pradesh,India,OFF-AR-10002036,Office Supplies,Art,"Binney & Smith Pencil Sharpener, Fluorescent",? 80.01,3,? 34.38,High
ID-2012-46210,8/31/2012,CR-12730,Craig Reiter,Mumbai,Maharashtra,India,OFF-SU-10001731,Office Supplies,Supplies,"Elite Letter Opener, High Speed",? 66.75,5,-? 1.35,High
IN-2013-51502,12/9/2013,CC-12370,Christopher Conant,Raipur,Uttarakhand,India,FUR-FU-10001351,Furniture,Furnishings,"Rubbermaid Photo Frame, Black",? 155.25,3,? 24.84,Medium
IN-2012-54134,11/26/2012,LB-16735,Larry Blacks,Ujjain,Madhya Pradesh,India,OFF-AP-10004972,Office Supplies,Appliances,"Breville Coffee Grinder, Red",? 123.72,2,? 39.54,Medium
IN-2012-68918,10/18/2012,MA-17995,Michelle Arnett,Pimpri,Maharashtra,India,TEC-PH-10000720,Technology,Phones,"Samsung Audio Dock, Full Size",? 504.36,3,? 191.61,Medium
IN-2014-21143,9/25/2014,DC-12850,Dan Campbell,Kanpur,Uttar Pradesh,India,OFF-SU-10000969,Office Supplies,Supplies,"Fiskars Box Cutter, Serrated",? 96.66,3,? 3.78,Medium
IN-2013-32063,9/21/2013,AC-10615,Ann Chong,Bangalore,Karnataka,India,OFF-AR-10002747,Office Supplies,Art,"Boston Canvas, Fluorescent",? 109.80,2,? 43.92,Medium
IN-2014-14780,10/17/2014,CR-12820,Cyra Reiten,Patna,Bihar,India,FUR-CH-10003822,Furniture,Chairs,"SAFCO Steel Folding Chair, Adjustable",? 176.40,2,? 82.86,High
IN-2012-70472,7/12/2012,SA-20830,Sue Ann Reed,Kanpur,Uttar Pradesh,India,OFF-FA-10003980,Office Supplies,Fasteners,"OIC Paper Clips, Metal",? 58.20,4,? 4.56,High
ID-2012-32623,11/15/2012,NP-18700,Nora Preis,Mumbai,Maharashtra,India,TEC-PH-10000922,Technology,Phones,"Nokia Headset, with Caller ID",? 109.67,3,-? 30.74,Medium
IN-2014-50088,8/27/2014,CR-12730,Craig Reiter,Delhi,Delhi,India,TEC-PH-10002443,Technology,Phones,"Cisco Signal Booster, with Caller ID",? 455.49,3,? 86.49,Medium
IN-2013-74350,8/16/2013,MS-17980,Michael Stewart,Nagpur,Maharashtra,India,OFF-LA-10002575,Office Supplies,Labels,"Smead Legal Exhibit Labels, 5000 Label Set",? 34.47,3,? 1.35,Critical
IN-2013-10097,8/14/2013,CJ-12010,Caroline Jumper,Ghaziabad,Uttar Pradesh,India,TEC-AC-10004012,Technology,Accessories,"Enermax Flash Drive, Erganomic",? 157.32,4,? 66.00,Medium
IN-2011-16033,11/7/2011,LB-16795,Laurel Beltran,Gorakhpur,Haryana,India,OFF-PA-10001850,Office Supplies,Paper,"Eaton Note Cards, Premium",? 106.32,4,? 31.80,Medium
IN-2014-41891,3/7/2014,TG-21310,Toby Gnade,Naihati,West Bengal,India,OFF-PA-10001818,Office Supplies,Paper,"Green Bar Note Cards, Multicolor",? 169.65,5,? 39.00,Medium
IN-2013-50515,11/11/2013,DK-13090,Dave Kipp,Tirunelveli,Tamil Nadu,India,TEC-AC-10003407,Technology,Accessories,"Memorex Mouse, Erganomic",? 103.92,4,? 14.52,High
IN-2013-42087,10/30/2013,TB-21190,Thomas Brumley,Lucknow,Uttar Pradesh,India,OFF-SU-10000914,Office Supplies,Supplies,"Kleencut Scissors, Serrated",? 170.91,9,? 34.02,Medium
IN-2011-29928,11/28/2011,VM-21835,Vivian Mathis,Hyderabad,Telangana,India,OFF-BI-10004651,Office Supplies,Binders,"Cardinal Binding Machine, Clear",? 147.69,3,? 67.86,Medium
IN-2014-56360,10/8/2014,JC-15385,Jenna Caffey,Ranchi,Jharkhand,India,OFF-FA-10003817,Office Supplies,Fasteners,"Stockwell Clamps, Metal",? 37.92,2,? 2.22,High
IN-2011-29438,11/28/2011,PV-18985,Paul Van Hugh,Salem,Tamil Nadu,India,OFF-ST-10003547,Office Supplies,Storage,"Smead Shelving, Blue",? 97.86,2,? 43.02,Medium
IN-2014-16439,10/11/2014,JD-15895,Jonathan Doherty,Jodhpur,Gujarat,India,OFF-SU-10003789,Office Supplies,Supplies,"Fiskars Box Cutter, Steel",? 69.84,2,? 27.90,High
IN-2014-45258,8/22/2014,EB-14170,Evan Bailliet,Allahabad,Uttar Pradesh,India,OFF-AR-10004148,Office Supplies,Art,"Sanford Pens, Easy-Erase",? 56.85,5,? 10.80,High
IN-2012-19078,6/15/2012,BG-11740,Bruce Geld,Avadi,Tamil Nadu,India,OFF-FA-10004298,Office Supplies,Fasteners,"Stockwell Staples, Bulk Pack",? 32.40,3,? 11.97,Critical
IN-2014-14458,1/24/2014,GT-14755,Guy Thornton,Brahmapur,Odisha,India,OFF-LA-10002123,Office Supplies,Labels,"Smead Legal Exhibit Labels, Alphabetical",? 54.60,5,? 18.45,Low
IN-2013-67014,11/8/2013,JL-15235,Janet Lee,Rajkot,Gujarat,India,FUR-FU-10004464,Furniture,Furnishings,"Deflect-O Clock, Durable",? 142.02,3,? 2.79,Medium
IN-2012-55653,9/15/2012,DW-13585,Dorothy Wardle,Kanpur,Uttar Pradesh,India,OFF-PA-10000383,Office Supplies,Paper,"Green Bar Note Cards, Premium",? 62.40,2,? 3.12,High
IN-2011-21983,8/12/2011,CR-12580,Clay Rozendal,Varanasi,Uttar Pradesh,India,FUR-FU-10002525,Furniture,Furnishings,"Deflect-O Door Stop, Erganomic",? 127.71,3,? 59.94,Medium
IN-2012-18273,8/23/2012,EB-13975,Erica Bern,Parbhani,Maharashtra,India,OFF-BI-10004120,Office Supplies,Binders,"Ibico 3-Hole Punch, Durable",? 95.85,3,? 22.95,Medium
IN-2012-44278,5/4/2012,NZ-18565,Nick Zandusky,Jaipur,Rajasthan,India,OFF-BI-10002364,Office Supplies,Binders,"Acco Binder, Durable",? 49.95,3,? 13.41,High
IN-2013-46252,5/1/2013,ZC-21910,Zuschuss Carroll,Tiruppur,Tamil Nadu,India,OFF-EN-10002464,Office Supplies,Envelopes,"Cameo Peel and Seal, Security-Tint",? 117.00,5,? 22.20,Medium
ID-2012-41520,11/13/2012,MC-18100,Mick Crebagga,Mumbai,Maharashtra,India,OFF-BI-10002329,Office Supplies,Binders,"Avery 3-Hole Punch, Durable",? 73.43,5,-? 0.08,High
IN-2011-51740,8/3/2011,DM-13525,Don Miller,Muzaffarpur,Bihar,India,OFF-FA-10003819,Office Supplies,Fasteners,"Advantus Paper Clips, Assorted Sizes",? 41.85,3,? 14.22,Critical
IN-2011-36879,9/2/2011,RB-19435,Richard Bierner,Mangalore,Karnataka,India,OFF-EN-10001109,Office Supplies,Envelopes,"Ames Interoffice Envelope, Recycled",? 131.76,3,? 0.00,Medium
IN-2012-42367,6/25/2012,LH-16900,Lena Hernandez,Agra,Uttar Pradesh,India,OFF-EN-10003413,Office Supplies,Envelopes,"Jiffy Interoffice Envelope, with clear poly window",? 249.90,5,? 72.45,Medium
IN-2014-51187,5/20/2014,MN-17935,Michael Nguyen,Kollam,Kerala,India,OFF-BI-10004868,Office Supplies,Binders,"Wilson Jones Hole Reinforcements, Durable",? 60.30,10,? 1.80,Critical
IN-2011-17594,9/22/2011,DP-13165,David Philippe,Thane,Maharashtra,India,TEC-PH-10002601,Technology,Phones,"Motorola Smart Phone, Cordless",? 642.78,1,? 25.71,High
IN-2014-40932,9/25/2014,TG-21640,Trudy Glocke,Bhiwandi,Maharashtra,India,OFF-AR-10002727,Office Supplies,Art,"Stanley Pencil Sharpener, Fluorescent",? 99.12,4,? 27.72,High
IN-2011-40155,11/14/2011,CL-12700,Craig Leslie,Kulti,West Bengal,India,TEC-AC-10000860,Technology,Accessories,"Enermax Numeric Keypad, USB",? 165.42,3,? 19.80,Medium
IN-2012-31762,12/5/2012,JD-15895,Jonathan Doherty,Jaipur,Rajasthan,India,OFF-BI-10000328,Office Supplies,Binders,"Acco Binding Machine, Clear",? 101.10,2,? 35.34,Medium
IN-2012-59874,6/11/2012,BG-11695,Brooke Gillingham,Pune,Maharashtra,India,TEC-MA-10003682,Technology,Machines,"Panasonic Phone, White",? 166.50,2,? 19.98,Medium
IN-2014-14780,10/17/2014,CR-12820,Cyra Reiten,Patna,Bihar,India,OFF-EN-10004784,Office Supplies,Envelopes,"Kraft Business Envelopes, Recycled",? 56.52,3,? 5.58,High
IN-2014-77339,6/10/2014,JC-16105,Julie Creighton,Thane,Maharashtra,India,OFF-SU-10004008,Office Supplies,Supplies,"Kleencut Letter Opener, Steel",? 95.04,4,? 47.52,Medium
IN-2012-49500,5/1/2012,KN-16390,Katherine Nockton,Mau,Madhya Pradesh,India,OFF-PA-10003784,Office Supplies,Paper,"Eaton Note Cards, Premium",? 55.98,2,? 27.96,Critical
IN-2014-13051,11/12/2014,LF-17185,Luke Foster,Visakhapatnam,Andhra Pradesh,India,OFF-AR-10003592,Office Supplies,Art,"Sanford Pencil Sharpener, Fluorescent",? 51.66,2,? 17.52,High
IN-2014-46777,1/25/2014,KD-16345,Katherine Ducich,Surat,Gujarat,India,TEC-AC-10004252,Technology,Accessories,"SanDisk Mouse, Bluetooth",? 76.62,2,? 0.72,Medium
IN-2011-70850,11/21/2011,DH-13675,Duane Huffman,Gorakhpur,Uttar Pradesh,India,OFF-SU-10000866,Office Supplies,Supplies,"Elite Trimmer, Serrated",? 115.11,3,? 13.77,Medium
IN-2011-78263,2/16/2011,BF-11215,Benjamin Farhat,Kanpur,Uttar Pradesh,India,FUR-FU-10001619,Furniture,Furnishings,"Advantus Clock, Erganomic",? 150.03,3,? 58.50,Medium
IN-2013-24300,10/18/2013,VG-21790,Vivek Gonzalez,Delhi,Delhi,India,FUR-FU-10001477,Furniture,Furnishings,"Rubbermaid Stacking Tray, Black",? 151.20,6,? 33.12,Medium
IN-2011-24769,9/5/2011,JM-15535,Jessica Myrick,Solapur,Maharashtra,India,OFF-EN-10003632,Office Supplies,Envelopes,"Jiffy Mailers, Recycled",? 71.94,2,? 10.74,Medium
IN-2014-78368,10/24/2014,DW-13585,Dorothy Wardle,Surat,Gujarat,India,FUR-CH-10004082,Furniture,Chairs,"Office Star Chairmat, Black",? 507.12,8,? 182.40,Medium
IN-2013-49577,7/22/2013,SC-20020,Sam Craven,Delhi,Delhi,India,TEC-AC-10001616,Technology,Accessories,"SanDisk Numeric Keypad, Erganomic",? 113.70,2,? 11.34,Medium
IN-2014-14458,1/24/2014,GT-14755,Guy Thornton,Brahmapur,Odisha,India,OFF-EN-10004784,Office Supplies,Envelopes,"Kraft Business Envelopes, Recycled",? 56.52,3,? 5.58,Low
IN-2012-54134,11/26/2012,LB-16735,Larry Blacks,Ujjain,Madhya Pradesh,India,OFF-ST-10001753,Office Supplies,Storage,"Eldon Shelving, Industrial",? 146.70,3,? 21.96,Medium
IN-2014-45426,4/7/2014,LD-17005,Lisa DeCherney,Kukatpalli,Telangana,India,FUR-FU-10000514,Furniture,Furnishings,"Deflect-O Photo Frame, Erganomic",? 101.04,2,? 43.44,Medium
IN-2011-18959,11/2/2011,CA-12775,Cynthia Arntzen,Satna,Madhya Pradesh,India,TEC-AC-10000398,Technology,Accessories,"SanDisk Memory Card, Programmable",? 227.82,2,? 0.00,Medium
IN-2011-44901,2/23/2011,MG-18205,Mitch Gastineau,Thane,Maharashtra,India,OFF-SU-10002566,Office Supplies,Supplies,"Stiletto Trimmer, Steel",? 168.60,4,? 70.80,High
IN-2012-43459,8/9/2012,DG-13300,Deirdre Greer,Kanpur,Uttar Pradesh,India,OFF-LA-10004848,Office Supplies,Labels,"Avery Legal Exhibit Labels, 5000 Label Set",? 58.65,5,? 25.20,High
IN-2014-21143,9/25/2014,DC-12850,Dan Campbell,Kanpur,Uttar Pradesh,India,OFF-SU-10000789,Office Supplies,Supplies,"Kleencut Box Cutter, Serrated",? 94.05,3,? 33.84,Medium
IN-2014-42808,11/6/2014,PB-18805,Patrick Bzostek,Jhansi,Uttar Pradesh,India,FUR-CH-10000351,Furniture,Chairs,"Novimex Chairmat, Set of Two",? 117.18,2,? 43.32,Medium
IN-2014-25840,9/11/2014,BD-11320,Bill Donatelli,Pimpri,Maharashtra,India,OFF-FA-10000757,Office Supplies,Fasteners,"Stockwell Paper Clips, Assorted Sizes",? 54.75,5,? 22.35,Medium
IN-2012-34324,10/3/2012,RL-19615,Rob Lucas,Gorakhpur,Haryana,India,FUR-FU-10004820,Furniture,Furnishings,"Advantus Photo Frame, Erganomic",? 103.20,2,? 44.34,Medium
IN-2011-78284,8/29/2011,KC-16255,Karen Carlisle,Gwalior,Madhya Pradesh,India,OFF-FA-10004839,Office Supplies,Fasteners,"Accos Clamps, Metal",? 78.00,4,? 24.12,High
IN-2013-10097,8/14/2013,CJ-12010,Caroline Jumper,Ghaziabad,Uttar Pradesh,India,OFF-EN-10004892,Office Supplies,Envelopes,"Ames Manila Envelope, with clear poly window",? 141.15,5,? 57.75,Medium
IN-2013-69331,6/12/2013,BO-11425,Bobby Odegard,Bikaner,Rajasthan,India,FUR-FU-10002525,Furniture,Furnishings,"Deflect-O Door Stop, Erganomic",? 85.14,2,? 39.96,High
IN-2013-22760,6/14/2013,VT-21700,Valerie Takahito,Ajmer,Rajasthan,India,FUR-CH-10002890,Furniture,Chairs,"Office Star Chairmat, Adjustable",? 136.62,2,? 12.24,Medium
IN-2014-40764,3/27/2014,RB-19435,Richard Bierner,Korba,Chhattisgarh,India,OFF-SU-10000932,Office Supplies,Supplies,"Elite Shears, Steel",? 139.23,3,? 5.49,Medium
IN-2012-76121,6/11/2012,JF-15355,Jay Fein,Firozabad,Uttar Pradesh,India,FUR-FU-10004797,Furniture,Furnishings,"Tenex Stacking Tray, Erganomic",? 44.52,2,? 7.56,High
IN-2011-23712,12/14/2011,SC-20770,Stewart Carmichael,Bhiwandi,Maharashtra,India,OFF-BI-10001659,Office Supplies,Binders,"Cardinal Index Tab, Clear",? 65.34,9,? 11.61,Medium
IN-2014-42402,4/21/2014,TM-21010,Tamara Manning,Bhatpara,West Bengal,India,FUR-FU-10002699,Furniture,Furnishings,"Eldon Photo Frame, Erganomic",? 113.46,2,? 28.32,Medium
IN-2014-15543,11/15/2014,LO-17170,Lori Olson,Delhi,Delhi,India,OFF-AR-10001208,Office Supplies,Art,"Binney & Smith Canvas, Water Color",? 163.62,3,? 78.48,High
IN-2013-34457,5/16/2013,MZ-17515,Mary Zewe,Jamnagar,Gujarat,India,OFF-FA-10000263,Office Supplies,Fasteners,"Stockwell Thumb Tacks, Bulk Pack",? 91.98,7,? 40.32,Medium
IN-2011-60826,9/17/2011,KM-16660,Khloe Miller,Aurangabad,Bihar,India,OFF-ST-10004228,Office Supplies,Storage,"Tenex Shelving, Industrial",? 55.14,1,? 17.07,Critical
IN-2011-26176,8/16/2011,KB-16600,Ken Brennan,Lucknow,Uttar Pradesh,India,FUR-FU-10001770,Furniture,Furnishings,"Deflect-O Clock, Erganomic",? 97.86,2,? 48.90,Medium
IN-2014-32665,8/6/2014,SL-20155,Sara Luxemburg,Mumbai,Maharashtra,India,FUR-BO-10003706,Furniture,Bookcases,"Sauder Stackable Bookrack, Pine",? 148.17,2,-? 5.97,High
IN-2014-76576,5/10/2014,NW-18400,Natalie Webber,Bhatpara,West Bengal,India,OFF-BI-10004098,Office Supplies,Binders,"Acco 3-Hole Punch, Durable",? 63.24,2,? 0.60,High
IN-2013-51103,4/9/2013,JG-15160,James Galang,Chandigarh,Chandigarh,India,OFF-BI-10003582,Office Supplies,Binders,"Cardinal Index Tab, Economy",? 52.56,6,? 18.90,Critical
IN-2011-75526,8/22/2011,DM-12955,Dario Medina,Bhavnagar,Gujarat,India,OFF-SU-10001731,Office Supplies,Supplies,"Elite Letter Opener, High Speed",? 80.10,3,? 39.24,Medium
IN-2014-45426,4/7/2014,LD-17005,Lisa DeCherney,Kukatpalli,Telangana,India,OFF-EN-10001975,Office Supplies,Envelopes,"Kraft Business Envelopes, Security-Tint",? 82.20,5,? 10.65,Medium
IN-2012-69695,7/14/2012,DK-13225,Dean Katz,Bhopal,Madhya Pradesh,India,FUR-FU-10004619,Furniture,Furnishings,"Tenex Stacking Tray, Erganomic",? 47.70,2,? 19.98,Critical
IN-2011-44593,4/14/2011,LR-16915,Lena Radford,Pune,Maharashtra,India,OFF-PA-10000302,Office Supplies,Paper,"Eaton Computer Printout Paper, Multicolor",? 55.92,2,? 20.64,Medium
IN-2013-65075,3/23/2013,GZ-14470,Gary Zandusky,Ludhiana,Punjab,India,OFF-ST-10000752,Office Supplies,Storage,"Fellowes File Cart, Wire Frame",? 136.38,1,? 55.89,Medium
IN-2013-51502,12/9/2013,CC-12370,Christopher Conant,Raipur,Uttarakhand,India,OFF-BI-10000089,Office Supplies,Binders,"Wilson Jones 3-Hole Punch, Recycled",? 141.75,5,? 69.45,Medium
IN-2014-28038,6/5/2014,DH-13075,Dave Hallsten,Mangalore,Karnataka,India,FUR-CH-10004365,Furniture,Chairs,"Novimex Rocking Chair, Black",? 129.00,1,? 20.64,Medium
IN-2012-47757,6/29/2012,JF-15415,Jennifer Ferguson,Visakhapatnam,Andhra Pradesh,India,OFF-SU-10001689,Office Supplies,Supplies,"Acme Box Cutter, Easy Grip",? 78.84,2,? 1.56,Medium
IN-2014-44264,10/18/2014,SW-20755,Steven Ward,Bangalore,Karnataka,India,FUR-FU-10000666,Furniture,Furnishings,"Rubbermaid Frame, Black",? 109.89,1,? 29.67,Medium
IN-2014-26981,10/24/2014,JM-15865,John Murray,Thane,Maharashtra,India,OFF-LA-10000861,Office Supplies,Labels,"Avery Color Coded Labels, Alphabetical",? 65.55,5,? 28.80,High
IN-2013-53819,11/25/2013,TB-21595,Troy Blackwell,Patna,Bihar,India,OFF-EN-10004755,Office Supplies,Envelopes,"Cameo Business Envelopes, Set of 50",? 61.47,3,? 16.56,High
IN-2014-63766,11/22/2014,MK-18160,Mike Kennedy,Mangalore,Karnataka,India,OFF-BI-10003265,Office Supplies,Binders,"Wilson Jones Binder, Clear",? 87.36,7,? 7.77,Medium
IN-2014-40428,8/13/2014,AS-10135,Adrian Shami,Bilaspur,Uttar Pradesh,India,OFF-SU-10002911,Office Supplies,Supplies,"Acme Scissors, Serrated",? 132.84,6,? 37.08,Medium
IN-2012-27583,2/24/2012,DL-13330,Denise Leinenbach,Nagpur,Maharashtra,India,TEC-PH-10001433,Technology,Phones,"Motorola Headset, Full Size",? 162.06,2,? 66.42,Medium
IN-2011-40155,11/14/2011,CL-12700,Craig Leslie,Kulti,West Bengal,India,TEC-AC-10003408,Technology,Accessories,"Enermax Keyboard, Programmable",? 84.96,1,? 25.47,Medium
IN-2014-56360,10/8/2014,JC-15385,Jenna Caffey,Ranchi,Jharkhand,India,OFF-PA-10001720,Office Supplies,Paper,"Xerox Parchment Paper, Multicolor",? 88.02,6,? 33.30,High
IN-2014-73545,10/15/2014,GG-14650,Greg Guthrie,Jodhpur,Gujarat,India,OFF-ST-10003121,Office Supplies,Storage,"Rogers Box, Industrial",? 97.80,4,? 13.68,Low
IN-2012-22900,8/14/2012,TS-21505,Tony Sayre,Solapur,Maharashtra,India,FUR-FU-10003052,Furniture,Furnishings,"Advantus Photo Frame, Duo Pack",? 106.08,2,? 40.26,Medium
IN-2014-29893,10/13/2014,SC-20680,Steve Carroll,Gulbarga,Karnataka,India,OFF-LA-10000861,Office Supplies,Labels,"Avery Color Coded Labels, Alphabetical",? 78.66,6,? 34.56,Medium
IN-2014-42801,9/11/2014,JP-15460,Jennifer Patt,Hyderabad,Telangana,India,TEC-AC-10000332,Technology,Accessories,"Logitech Keyboard, USB",? 72.66,1,? 22.50,Medium
IN-2013-64452,7/8/2013,KH-16330,Katharine Harms,Darbhanga,Bihar,India,FUR-FU-10000482,Furniture,Furnishings,"Eldon Photo Frame, Duo Pack",? 174.51,3,? 47.07,Medium
IN-2013-33372,10/7/2013,NF-18475,Neil Franz?sisch,Surat,Gujarat,India,OFF-PA-10000215,Office Supplies,Paper,"Eaton Parchment Paper, Premium",? 121.23,9,? 8.37,High
IN-2012-24797,10/29/2012,SS-20410,Shahid Shariari,Karimnagar,Telangana,India,OFF-SU-10000375,Office Supplies,Supplies,"Kleencut Box Cutter, Steel",? 102.15,3,? 17.28,High
IN-2014-35479,1/17/2014,DJ-13420,Denny Joy,Meerut,Uttar Pradesh,India,FUR-FU-10000921,Furniture,Furnishings,"Advantus Door Stop, Erganomic",? 87.30,2,? 7.80,Medium
IN-2011-67840,8/2/2011,VG-21805,Vivek Grady,Surat,Gujarat,India,OFF-SU-10000866,Office Supplies,Supplies,"Elite Trimmer, Serrated",? 115.11,3,? 13.77,Medium
IN-2014-51719,11/21/2014,DV-13045,Darrin Van Huff,Madurai,Tamil Nadu,India,OFF-ST-10001694,Office Supplies,Storage,"Smead Folders, Blue",? 69.96,4,? 22.32,Medium
IN-2014-15872,10/1/2014,JL-15235,Janet Lee,Kalyan,Maharashtra,India,OFF-LA-10001731,Office Supplies,Labels,"Avery Removable Labels, Alphabetical",? 52.80,5,? 10.50,Medium
IN-2012-65894,11/30/2012,TS-21655,Trudy Schmidt,Rajkot,Gujarat,India,FUR-FU-10000422,Furniture,Furnishings,"Deflect-O Photo Frame, Black",? 155.70,3,? 13.95,Medium
IN-2013-63633,8/30/2013,DF-13135,David Flashing,Lucknow,Uttar Pradesh,India,OFF-PA-10004815,Office Supplies,Paper,"Xerox Note Cards, Premium",? 79.11,3,? 23.67,Medium
IN-2013-50018,2/20/2013,JH-15820,John Huston,Bhilai,Chhattisgarh,India,OFF-BI-10003018,Office Supplies,Binders,"Avery Binder, Clear",? 37.08,3,? 17.73,High
IN-2012-68918,10/18/2012,MA-17995,Michelle Arnett,Pimpri,Maharashtra,India,OFF-EN-10001627,Office Supplies,Envelopes,"Cameo Interoffice Envelope, with clear poly window",? 101.94,2,? 12.18,Medium
IN-2012-45979,10/3/2012,PF-19165,Philip Fox,Lucknow,Uttar Pradesh,India,OFF-EN-10004053,Office Supplies,Envelopes,"GlobeWeis Manila Envelope, with clear poly window",? 123.72,4,? 33.36,Medium
IN-2014-65194,3/27/2014,AF-10870,Art Ferguson,Aurangabad,Bihar,India,OFF-EN-10000947,Office Supplies,Envelopes,"GlobeWeis Mailers, Security-Tint",? 81.90,2,? 33.54,Medium
IN-2013-58747,2/7/2013,LR-16915,Lena Radford,Gorakhpur,Haryana,India,OFF-AR-10003774,Office Supplies,Art,"Stanley Sketch Pad, Fluorescent",? 182.76,4,? 74.88,Medium
IN-2012-17986,3/19/2012,KD-16615,Ken Dana,Chennai,Tamil Nadu,India,OFF-LA-10000658,Office Supplies,Labels,"Avery Shipping Labels, 5000 Label Set",? 61.20,5,? 21.90,High
IN-2012-31111,11/21/2012,VM-21835,Vivian Mathis,Raipur,Uttarakhand,India,TEC-AC-10003776,Technology,Accessories,"Belkin Flash Drive, Programmable",? 130.32,3,? 22.14,Medium
IN-2014-48534,12/19/2014,AC-10615,Ann Chong,Durgapur,Maharashtra,India,OFF-EN-10002007,Office Supplies,Envelopes,"Kraft Clasp Envelope, with clear poly window",? 75.24,6,? 11.88,Medium
IN-2014-17244,1/22/2014,TM-21490,Tony Molinari,Durgapur,Maharashtra,India,TEC-AC-10002324,Technology,Accessories,"Enermax Numeric Keypad, Bluetooth",? 171.99,3,? 6.84,Medium
IN-2014-53427,5/9/2014,LT-16765,Larry Tron,Imphal,Manipur,India,OFF-AP-10002371,Office Supplies,Appliances,"KitchenAid Blender, Silver",? 98.85,1,? 42.48,Low
IN-2012-45951,11/2/2012,JG-15115,Jack Garza,Bhopal,Madhya Pradesh,India,OFF-EN-10000315,Office Supplies,Envelopes,"Jiffy Business Envelopes, Security-Tint",? 47.88,3,? 9.09,High
IN-2011-51964,12/28/2011,AB-10105,Adrian Barton,Kochi,Kerala,India,FUR-FU-10000548,Furniture,Furnishings,"Tenex Stacking Tray, Durable",? 25.23,1,? 9.33,Critical
IN-2012-74210,8/11/2012,AR-10510,Andrew Roberts,Jodhpur,Rajasthan,India,FUR-FU-10002972,Furniture,Furnishings,"Advantus Light Bulb, Duo Pack",? 60.39,3,? 6.03,Medium
IN-2013-64452,7/8/2013,KH-16330,Katharine Harms,Darbhanga,Bihar,India,FUR-FU-10003094,Furniture,Furnishings,"Eldon Clock, Erganomic",? 165.42,3,? 82.71,Medium
IN-2014-39546,11/27/2014,CA-12265,Christina Anderson,Agra,Uttar Pradesh,India,OFF-AR-10002400,Office Supplies,Art,"Boston Highlighters, Water Color",? 88.20,4,? 6.96,Medium
IN-2014-49815,6/9/2014,RB-19330,Randy Bradley,Korba,Chhattisgarh,India,TEC-AC-10000111,Technology,Accessories,"SanDisk Mouse, USB",? 77.04,2,? 0.00,Low
IN-2014-29291,8/26/2014,HG-14845,Harry Greene,Jaipur,Rajasthan,India,OFF-LA-10002180,Office Supplies,Labels,"Hon Color Coded Labels, 5000 Label Set",? 39.60,3,? 12.60,High
IN-2013-30831,12/9/2013,MG-18205,Mitch Gastineau,Panihati,West Bengal,India,TEC-PH-10003723,Technology,Phones,"Samsung Audio Dock, with Caller ID",? 166.83,1,? 11.67,Medium
IN-2011-36879,9/2/2011,RB-19435,Richard Bierner,Mangalore,Karnataka,India,OFF-PA-10000344,Office Supplies,Paper,"SanDisk Memo Slips, 8.5 x 11",? 105.60,5,? 52.80,Medium
IN-2014-72313,7/23/2014,CM-12715,Craig Molinari,Sangli,Maharashtra,India,OFF-SU-10004236,Office Supplies,Supplies,"Stiletto Letter Opener, Steel",? 25.08,1,? 8.25,Critical
ID-2011-29389,9/27/2011,AG-10900,Arthur Gainer,Mumbai,Maharashtra,India,FUR-CH-10004447,Furniture,Chairs,"Harbour Creations Rocking Chair, Set of Two",? 224.01,3,-? 215.10,Medium
IN-2012-55282,11/2/2012,AS-10240,Alan Shonely,Aligarh,Uttar Pradesh,India,FUR-FU-10000714,Furniture,Furnishings,"Tenex Light Bulb, Black",? 94.65,5,? 14.10,Medium
IN-2014-31622,4/21/2014,SS-20590,Sonia Sunley,Gorakhpur,Uttar Pradesh,India,OFF-PA-10001835,Office Supplies,Paper,"SanDisk Computer Printout Paper, 8.5 x 11",? 271.44,8,? 0.00,Medium
IN-2013-50018,2/20/2013,JH-15820,John Huston,Bhilai,Chhattisgarh,India,OFF-EN-10002679,Office Supplies,Envelopes,"Kraft Mailers, with clear poly window",? 41.19,1,? 19.77,High
IN-2014-39693,11/17/2014,CM-12235,Chris McAfee,Nagpur,Maharashtra,India,OFF-AP-10000935,Office Supplies,Appliances,"Cuisinart Toaster, White",? 154.80,3,? 17.01,Medium
IN-2014-18672,5/23/2014,RM-19375,Raymond Messe,Durgapur,West Bengal,India,OFF-FA-10004606,Office Supplies,Fasteners,"Stockwell Staples, 12 Pack",? 20.46,2,? 1.02,Critical
IN-2011-43599,6/2/2011,JG-15805,John Grady,Agra,Uttar Pradesh,India,OFF-BI-10000721,Office Supplies,Binders,"Ibico Binder Covers, Recycled",? 112.08,8,? 4.32,Medium
IN-2013-36081,11/18/2013,RA-19885,Ruben Ausman,Aurangabad,Bihar,India,OFF-AR-10001518,Office Supplies,Art,"Binney & Smith Pencil Sharpener, Water Color",? 107.76,4,? 45.24,Medium
IN-2014-21241,5/27/2014,RB-19465,Rick Bensley,Bhiwandi,Maharashtra,India,FUR-FU-10004730,Furniture,Furnishings,"Rubbermaid Light Bulb, Erganomic",? 104.76,6,? 3.06,Medium
ID-2011-41863,9/23/2011,BF-10975,Barbara Fisher,Mumbai,Maharashtra,India,TEC-AC-10002086,Technology,Accessories,"SanDisk Keyboard, Erganomic",? 118.94,3,-? 4.82,Medium
IN-2013-34030,3/27/2013,DB-13615,Doug Bickford,Kalyan,Maharashtra,India,OFF-PA-10000344,Office Supplies,Paper,"SanDisk Memo Slips, 8.5 x 11",? 63.36,3,? 31.68,Medium
IN-2012-31958,7/25/2012,JC-15775,John Castell,Satna,Madhya Pradesh,India,OFF-LA-10000879,Office Supplies,Labels,"Hon File Folder Labels, Alphabetical",? 42.30,5,? 19.35,High
IN-2014-65194,3/27/2014,AF-10870,Art Ferguson,Aurangabad,Bihar,India,OFF-LA-10000425,Office Supplies,Labels,"Avery Shipping Labels, Alphabetical",? 58.35,5,? 23.25,Medium
IN-2011-24769,9/5/2011,JM-15535,Jessica Myrick,Solapur,Maharashtra,India,OFF-SU-10002709,Office Supplies,Supplies,"Fiskars Letter Opener, Easy Grip",? 118.20,4,? 48.36,Medium
IN-2012-49766,9/22/2012,MC-18100,Mick Crebagga,Chennai,Tamil Nadu,India,OFF-PA-10003418,Office Supplies,Paper,"Enermax Memo Slips, Multicolor",? 34.14,2,? 11.58,High
IN-2013-63633,8/30/2013,DF-13135,David Flashing,Lucknow,Uttar Pradesh,India,OFF-AR-10000681,Office Supplies,Art,"Binney & Smith Sketch Pad, Water Color",? 148.50,3,? 20.79,Medium
IN-2011-14983,10/10/2011,GH-14485,Gene Hale,Visakhapatnam,Andhra Pradesh,India,OFF-PA-10001258,Office Supplies,Paper,"Green Bar Cards & Envelopes, Multicolor",? 149.40,3,? 13.41,Medium
IN-2013-55170,11/28/2013,TC-20980,Tamara Chand,Chennai,Tamil Nadu,India,OFF-FA-10004839,Office Supplies,Fasteners,"Accos Clamps, Metal",? 39.00,2,? 12.06,High
IN-2013-26659,8/7/2013,AB-10600,Ann Blume,Lucknow,Uttar Pradesh,India,OFF-LA-10002939,Office Supplies,Labels,"Harbour Creations Legal Exhibit Labels, 5000 Label Set",? 56.70,5,? 12.45,Low
IN-2011-37614,8/16/2011,AS-10090,Adam Shillingsburg,Raipur,Rajasthan,India,TEC-AC-10002255,Technology,Accessories,"Memorex Keyboard, Erganomic",? 69.15,1,? 26.25,Medium
IN-2011-48009,12/17/2011,BD-11635,Brian Derr,Jaipur,Rajasthan,India,OFF-ST-10003203,Office Supplies,Storage,"Eldon Lockers, Wire Frame",? 196.98,1,? 84.69,Medium
IN-2013-35969,8/23/2013,SN-20560,Skye Norling,Raipur,Chhattisgarh,India,OFF-BI-10001028,Office Supplies,Binders,"Ibico 3-Hole Punch, Clear",? 59.82,2,? 18.54,Medium
IN-2012-33218,3/2/2012,HP-14815,Harold Pawlan,Pune,Maharashtra,India,OFF-FA-10002539,Office Supplies,Fasteners,"Stockwell Rubber Bands, Metal",? 65.04,4,? 9.00,Medium
IN-2013-65075,3/23/2013,GZ-14470,Gary Zandusky,Ludhiana,Punjab,India,FUR-FU-10002722,Furniture,Furnishings,"Tenex Photo Frame, Erganomic",? 100.92,2,? 8.04,Medium
IN-2014-24622,10/22/2014,MM-17920,Michael Moore,Bijapur,Karnataka,India,OFF-EN-10002784,Office Supplies,Envelopes,"Cameo Manila Envelope, Recycled",? 77.40,3,? 34.83,Medium
IN-2014-71907,5/5/2014,BT-11485,Brad Thomas,Kulti,West Bengal,India,OFF-EN-10002434,Office Supplies,Envelopes,"Kraft Manila Envelope, Recycled",? 50.58,2,? 15.66,High
IN-2013-18357,5/24/2013,YS-21880,Yana Sorensen,Bangalore,Karnataka,India,OFF-BI-10001904,Office Supplies,Binders,"Cardinal Binder Covers, Durable",? 67.50,5,? 33.00,Medium
IN-2011-22368,8/11/2011,JM-15250,Janet Martin,Ranchi,Jharkhand,India,OFF-LA-10003141,Office Supplies,Labels,"Hon Shipping Labels, Laser Printer Compatible",? 56.85,5,? 28.35,Low
IN-2012-65915,6/4/2012,CC-12145,Charles Crestani,Pimpri,Maharashtra,India,OFF-AR-10004651,Office Supplies,Art,"Boston Pens, Fluorescent",? 46.44,3,? 6.48,High
IN-2014-71837,10/30/2014,AJ-10795,Anthony Johnson,Kochi,Kerala,India,TEC-PH-10002428,Technology,Phones,"Apple Headset, VoIP",? 293.40,4,? 8.76,High
IN-2014-30845,10/22/2014,MS-17530,MaryBeth Skach,Jaipur,Rajasthan,India,OFF-PA-10003499,Office Supplies,Paper,"Xerox Parchment Paper, 8.5 x 11",? 87.00,5,? 40.80,Medium
IN-2013-63829,8/1/2013,DW-13480,Dianna Wilson,Ulhasnagar,Maharashtra,India,FUR-CH-10000391,Furniture,Chairs,"Novimex Bag Chairs, Red",? 137.88,3,? 10.98,Medium
IN-2014-65243,12/4/2014,BE-11455,Brad Eason,Moradabad,Uttar Pradesh,India,OFF-SU-10004846,Office Supplies,Supplies,"Acme Box Cutter, Serrated",? 69.00,2,? 19.32,High
IN-2014-63710,9/9/2014,AB-10015,Aaron Bergman,Hubli,Karnataka,India,OFF-BI-10004140,Office Supplies,Binders,"Cardinal Index Tab, Clear",? 26.88,4,? 12.00,Critical
IN-2014-65992,11/18/2014,Co-12640,Corey-Lock,Bangalore,Karnataka,India,OFF-SU-10000062,Office Supplies,Supplies,"Stiletto Scissors, High Speed",? 70.83,3,? 1.35,Medium
IN-2012-52076,6/27/2012,ML-17395,Marina Lichtenstein,Bangalore,Karnataka,India,FUR-CH-10000117,Furniture,Chairs,"Novimex Steel Folding Chair, Black",? 79.80,1,? 14.34,Medium
ID-2012-46210,8/31/2012,CR-12730,Craig Reiter,Mumbai,Maharashtra,India,TEC-CO-10003702,Technology,Copiers,"Brother Ink, Digital",? 73.47,1,-? 1.47,High
IN-2014-65712,6/12/2014,JM-16195,Justin MacKendrick,Coimbatore,Tamil Nadu,India,OFF-BI-10003367,Office Supplies,Binders,"Wilson Jones Binder, Recycled",? 40.14,3,? 17.64,High
IN-2014-45426,4/7/2014,LD-17005,Lisa DeCherney,Kukatpalli,Telangana,India,FUR-CH-10002631,Furniture,Chairs,"Office Star Bag Chairs, Black",? 106.02,2,? 9.54,Medium
IN-2014-41723,8/7/2014,IL-15100,Ivan Liston,Bhilai,Chhattisgarh,India,OFF-EN-10001162,Office Supplies,Envelopes,"GlobeWeis Mailers, Set of 50",? 77.10,2,? 33.12,Medium
IN-2014-19120,3/20/2014,AW-10840,Anthony Witt,Ganganagar,Rajasthan,India,OFF-AR-10002109,Office Supplies,Art,"Binney & Smith Sketch Pad, Fluorescent",? 95.16,2,? 26.64,Medium
IN-2013-78809,1/22/2013,AG-10900,Arthur Gainer,Pune,Maharashtra,India,OFF-PA-10004335,Office Supplies,Paper,"Green Bar Computer Printout Paper, Recycled",? 59.34,2,? 16.56,High
IN-2014-28675,4/17/2014,AF-10870,Art Ferguson,Saharanpur,Uttar Pradesh,India,FUR-BO-10001598,Furniture,Bookcases,"Bush Corner Shelving, Pine",? 125.34,1,? 56.40,Medium
IN-2013-72355,5/31/2013,ML-17755,Max Ludwig,Nagpur,Maharashtra,India,OFF-PA-10001006,Office Supplies,Paper,"Eaton Message Books, Recycled",? 40.98,2,? 17.16,Medium
IN-2011-51740,8/3/2011,DM-13525,Don Miller,Muzaffarpur,Bihar,India,OFF-EN-10000296,Office Supplies,Envelopes,"Cameo Business Envelopes, Security-Tint",? 50.85,3,? 4.05,Critical
IN-2014-63374,6/30/2014,MH-18115,Mick Hernandez,Aligarh,Uttar Pradesh,India,OFF-LA-10004062,Office Supplies,Labels,"Hon Removable Labels, 5000 Label Set",? 41.04,4,? 18.84,High
IN-2014-16082,10/6/2014,SC-20305,Sean Christensen,Dhule,Maharashtra,India,OFF-ST-10001824,Office Supplies,Storage,"Rogers Box, Single Width",? 72.00,3,? 4.32,Medium
IN-2014-75267,11/18/2014,RB-19465,Rick Bensley,Agra,Uttar Pradesh,India,OFF-PA-10001236,Office Supplies,Paper,"Enermax Message Books, Recycled",? 44.82,2,? 2.64,High
IN-2012-38132,4/21/2012,NC-18340,Nat Carroll,Agra,Uttar Pradesh,India,OFF-EN-10001946,Office Supplies,Envelopes,"Kraft Mailers, Security-Tint",? 200.25,5,? 94.05,High
IN-2013-41240,9/22/2013,CC-12610,Corey Catlett,Vijayawada,Andhra Pradesh,India,OFF-AR-10003978,Office Supplies,Art,"Binney & Smith Sketch Pad, Easy-Erase",? 93.18,2,? 36.30,Medium
IN-2014-32084,8/6/2014,AF-10885,Art Foster,Salem,Tamil Nadu,India,OFF-EN-10001528,Office Supplies,Envelopes,"Kraft Business Envelopes, Recycled",? 45.72,3,? 6.39,High
IN-2012-65915,6/4/2012,CC-12145,Charles Crestani,Pimpri,Maharashtra,India,OFF-FA-10003161,Office Supplies,Fasteners,"OIC Paper Clips, Assorted Sizes",? 47.52,4,? 19.44,High
IN-2011-29935,6/10/2011,JM-16195,Justin MacKendrick,Thiruvananthapuram,Kerala,India,OFF-BI-10000006,Office Supplies,Binders,"Ibico Binder, Durable",? 50.94,3,? 10.62,High
IN-2014-71067,5/13/2014,NZ-18565,Nick Zandusky,Hyderabad,Telangana,India,TEC-MA-10004064,Technology,Machines,"Panasonic Calculator, Red",? 94.86,2,? 33.18,Medium
IN-2012-35668,5/9/2012,SO-20335,Sean O'Donnell,Dewas,Madhya Pradesh,India,OFF-EN-10000114,Office Supplies,Envelopes,"Kraft Clasp Envelope, Security-Tint",? 68.40,6,? 1.26,Medium
IN-2014-21143,9/25/2014,DC-12850,Dan Campbell,Kanpur,Uttar Pradesh,India,FUR-FU-10000628,Furniture,Furnishings,"Rubbermaid Light Bulb, Black",? 94.20,5,? 41.40,Medium
IN-2013-29326,6/22/2013,IM-15070,Irene Maddox,Akola,Maharashtra,India,TEC-PH-10002428,Technology,Phones,"Apple Headset, VoIP",? 73.35,1,? 2.19,Medium
IN-2013-50515,11/11/2013,DK-13090,Dave Kipp,Tirunelveli,Tamil Nadu,India,OFF-FA-10000577,Office Supplies,Fasteners,"Stockwell Push Pins, 12 Pack",? 40.23,3,? 20.07,High
IN-2012-24783,12/17/2012,GZ-14545,George Zrebassa,Saharanpur,Uttar Pradesh,India,FUR-FU-10001343,Furniture,Furnishings,"Eldon Stacking Tray, Erganomic",? 120.48,4,? 25.20,Medium
IN-2013-53861,6/25/2013,SP-20620,Stefania Perrino,Chennai,Tamil Nadu,India,OFF-FA-10001057,Office Supplies,Fasteners,"Accos Clamps, Assorted Sizes",? 67.32,4,? 11.40,High
IN-2013-26540,9/2/2013,DJ-13510,Don Jones,Bangalore,Karnataka,India,OFF-LA-10000984,Office Supplies,Labels,"Hon Round Labels, Alphabetical",? 25.92,4,? 12.60,Critical
IN-2014-65488,7/17/2014,CP-12340,Christine Phan,Aurangabad,Bihar,India,OFF-BI-10001808,Office Supplies,Binders,"Ibico Index Tab, Clear",? 26.73,3,? 0.72,Medium
IN-2013-21024,2/6/2013,SC-20020,Sam Craven,Pimpri,Maharashtra,India,OFF-BI-10004651,Office Supplies,Binders,"Cardinal Binding Machine, Clear",? 98.46,2,? 45.24,Medium
IN-2012-26624,9/12/2012,JJ-15760,Joel Jenkins,Vadodara,Gujarat,India,OFF-SU-10001762,Office Supplies,Supplies,"Stiletto Shears, Easy Grip",? 149.13,3,? 47.70,Medium
IN-2012-32882,8/17/2012,TR-21325,Toby Ritter,Kanpur,Uttar Pradesh,India,FUR-BO-10004529,Furniture,Bookcases,"Sauder 3-Shelf Cabinet, Pine",? 168.03,1,? 20.16,Medium
IN-2011-16362,2/22/2011,RH-19510,Rick Huthwaite,Kota,Rajasthan,India,TEC-AC-10000051,Technology,Accessories,"Logitech Memory Card, USB",? 207.18,2,? 43.50,Medium
ID-2014-59517,11/5/2014,SP-20545,Sibella Parks,Nagpur,Maharashtra,India,FUR-FU-10004182,Furniture,Furnishings,"Eldon Stacking Tray, Black",? 94.50,3,? 40.59,Medium
IN-2012-28269,8/9/2012,NP-18700,Nora Preis,Patna,Bihar,India,OFF-FA-10004523,Office Supplies,Fasteners,"OIC Thumb Tacks, Bulk Pack",? 70.35,5,? 18.90,Medium
IN-2014-61414,1/16/2014,JJ-15445,Jennifer Jackson,Kolhapur,Maharashtra,India,OFF-EN-10004473,Office Supplies,Envelopes,"Ames Interoffice Envelope, with clear poly window",? 145.98,3,? 7.29,Medium
IN-2014-32028,6/17/2014,JH-16180,Justin Hirsh,Visakhapatnam,Andhra Pradesh,India,OFF-FA-10004659,Office Supplies,Fasteners,"Stockwell Thumb Tacks, 12 Pack",? 51.84,4,? 16.56,Medium
IN-2014-40526,3/30/2014,PF-19165,Philip Fox,Nagpur,Maharashtra,India,OFF-BI-10000168,Office Supplies,Binders,"Cardinal Hole Reinforcements, Recycled",? 39.90,7,? 9.87,High
IN-2012-44810,2/25/2012,BP-11230,Benjamin Patterson,Surat,Gujarat,India,OFF-EN-10004144,Office Supplies,Envelopes,"Cameo Clasp Envelope, Security-Tint",? 23.82,2,? 8.52,Critical
IN-2013-64452,7/8/2013,KH-16330,Katharine Harms,Darbhanga,Bihar,India,TEC-AC-10001463,Technology,Accessories,"Logitech Numeric Keypad, Programmable",? 95.64,2,? 17.16,Medium
IN-2014-46616,3/22/2014,VP-21730,Victor Preis,Faridabad,Haryana,India,FUR-FU-10002210,Furniture,Furnishings,"Tenex Clock, Black",? 100.50,2,? 17.04,High
IN-2013-46252,5/1/2013,ZC-21910,Zuschuss Carroll,Tiruppur,Tamil Nadu,India,OFF-FA-10000697,Office Supplies,Fasteners,"Advantus Rubber Bands, 12 Pack",? 80.10,5,? 11.10,Medium
IN-2014-45426,4/7/2014,LD-17005,Lisa DeCherney,Kukatpalli,Telangana,India,TEC-AC-10000111,Technology,Accessories,"SanDisk Mouse, USB",? 154.08,4,? 0.00,Medium
IN-2014-35619,11/27/2014,PO-18850,Patrick O'Brill,Chennai,Tamil Nadu,India,OFF-ST-10000327,Office Supplies,Storage,"Smead Folders, Wire Frame",? 49.68,3,? 6.93,High
IN-2013-31055,10/7/2013,AD-10180,Alan Dominguez,Delhi,Delhi,India,OFF-SU-10001848,Office Supplies,Supplies,"Kleencut Ruler, Easy Grip",? 45.54,3,? 10.89,High
IN-2012-74168,10/20/2012,JM-15535,Jessica Myrick,Thane,Maharashtra,India,OFF-EN-10001975,Office Supplies,Envelopes,"Kraft Business Envelopes, Security-Tint",? 82.20,5,? 10.65,Medium
IN-2012-26274,2/27/2012,BT-11530,Bradley Talbott,Muzaffarpur,Bihar,India,FUR-FU-10002648,Furniture,Furnishings,"Rubbermaid Stacking Tray, Erganomic",? 71.28,3,? 34.92,Medium
IN-2014-54967,9/9/2014,KW-16570,Kelly Williams,Chennai,Tamil Nadu,India,OFF-BI-10002432,Office Supplies,Binders,"Ibico Binder, Recycled",? 110.88,7,? 43.05,Medium
ID-2013-69464,2/11/2013,MZ-17515,Mary Zewe,Mumbai,Maharashtra,India,OFF-LA-10001383,Office Supplies,Labels,"Smead Shipping Labels, Adjustable",? 38.04,8,-? 0.84,High
IN-2014-28157,10/1/2014,AJ-10945,Ashley Jarboe,Aligarh,Uttar Pradesh,India,FUR-CH-10003692,Furniture,Chairs,"SAFCO Swivel Stool, Set of Two",? 510.57,3,? 56.16,Medium
IN-2012-23054,9/15/2012,TM-21010,Tamara Manning,Jaipur,Rajasthan,India,OFF-FA-10003893,Office Supplies,Fasteners,"OIC Paper Clips, 12 Pack",? 41.58,3,? 7.02,Critical
IN-2012-53105,3/3/2012,JO-15145,Jack O'Briant,Coimbatore,Tamil Nadu,India,OFF-FA-10001057,Office Supplies,Fasteners,"Accos Clamps, Assorted Sizes",? 84.15,5,? 14.25,Low
IN-2012-55282,11/2/2012,AS-10240,Alan Shonely,Aligarh,Uttar Pradesh,India,OFF-FA-10004795,Office Supplies,Fasteners,"Advantus Paper Clips, Assorted Sizes",? 57.00,5,? 0.45,Medium
IN-2014-28675,4/17/2014,AF-10870,Art Ferguson,Saharanpur,Uttar Pradesh,India,TEC-AC-10004016,Technology,Accessories,"Memorex Flash Drive, Programmable",? 61.80,2,? 14.82,Medium
IN-2014-42808,11/6/2014,PB-18805,Patrick Bzostek,Jhansi,Uttar Pradesh,India,OFF-SU-10004177,Office Supplies,Supplies,"Fiskars Box Cutter, Easy Grip",? 111.42,3,? 24.48,Medium
IN-2013-46252,5/1/2013,ZC-21910,Zuschuss Carroll,Tiruppur,Tamil Nadu,India,OFF-PA-10000776,Office Supplies,Paper,"Xerox Cards & Envelopes, Premium",? 89.94,2,? 42.24,Medium
IN-2014-54197,3/31/2014,DB-13405,Denny Blanton,Jaipur,Rajasthan,India,FUR-FU-10004619,Furniture,Furnishings,"Tenex Stacking Tray, Erganomic",? 47.70,2,? 19.98,High
IN-2013-59496,4/4/2013,LL-16840,Lauren Leatherbury,Srinagar,Jammu and Kashmir,India,OFF-AR-10001405,Office Supplies,Art,"Binney & Smith Highlighters, Fluorescent",? 35.70,2,? 4.62,High
ID-2012-18938,10/17/2012,AB-10165,Alan Barnes,Mumbai,Maharashtra,India,OFF-SU-10001731,Office Supplies,Supplies,"Acme Letter Opener, Serrated",? 26.91,2,-? 6.51,High
IN-2013-74952,9/11/2013,LC-16870,Lena Cacioppo,Mysore,Karnataka,India,OFF-PA-10003686,Office Supplies,Paper,"SanDisk Message Books, Multicolor",? 75.69,3,? 2.25,Medium
IN-2014-48632,1/14/2014,EM-13810,Eleni McCrary,Bhubaneswar,Odisha,India,OFF-FA-10003161,Office Supplies,Fasteners,"OIC Paper Clips, Assorted Sizes",? 59.40,5,? 24.30,High
IN-2014-21143,9/25/2014,DC-12850,Dan Campbell,Kanpur,Uttar Pradesh,India,OFF-BI-10004105,Office Supplies,Binders,"Acco 3-Hole Punch, Recycled",? 60.96,2,? 17.04,Medium
IN-2012-44943,9/27/2012,BE-11410,Bobby Elias,Faridabad,Haryana,India,OFF-LA-10000540,Office Supplies,Labels,"Harbour Creations Round Labels, Adjustable",? 23.25,5,? 6.15,High
IN-2012-42045,6/27/2012,KD-16345,Katherine Ducich,Belgaum,Karnataka,India,OFF-AR-10003446,Office Supplies,Art,"BIC Highlighters, Water Color",? 44.22,2,? 0.00,High
IN-2012-47008,8/23/2012,FG-14260,Frank Gastineau,Jabalpur,Madhya Pradesh,India,OFF-PA-10004475,Office Supplies,Paper,"Xerox Computer Printout Paper, 8.5 x 11",? 152.40,5,? 41.10,Low
IN-2012-48240,5/25/2012,GP-14740,Guy Phonely,Delhi,Delhi,India,OFF-LA-10001658,Office Supplies,Labels,"Avery Round Labels, 5000 Label Set",? 30.12,4,? 3.84,Critical
IN-2013-65075,3/23/2013,GZ-14470,Gary Zandusky,Ludhiana,Punjab,India,OFF-ST-10004382,Office Supplies,Storage,"Tenex Folders, Industrial",? 94.80,4,? 19.80,Medium
IN-2013-61127,12/21/2013,KB-16585,Ken Black,Puducherry,Puducherry,India,TEC-PH-10001428,Technology,Phones,"Motorola Headset, VoIP",? 159.66,2,? 20.70,Medium
IN-2013-61001,12/17/2013,RP-19855,Roy Phan,Warangal,Telangana,India,TEC-AC-10004704,Technology,Accessories,"SanDisk Numeric Keypad, USB",? 106.32,2,? 30.78,Medium
IN-2012-25231,5/16/2012,SC-20695,Steve Chapman,Durg,Chhattisgarh,India,OFF-LA-10000869,Office Supplies,Labels,"Harbour Creations Removable Labels, Adjustable",? 85.92,8,? 30.00,Medium
IN-2013-18483,5/24/2013,ND-18460,Neil Ducich,Raipur,Uttarakhand,India,OFF-FA-10002481,Office Supplies,Fasteners,"OIC Rubber Bands, 12 Pack",? 49.50,3,? 1.44,Medium
IN-2011-42570,3/30/2011,MH-17785,Maya Herman,Ulhasnagar,Maharashtra,India,OFF-EN-10004590,Office Supplies,Envelopes,"Ames Peel and Seal, with clear poly window",? 44.46,2,? 11.52,High
IN-2014-11427,6/13/2014,ED-13885,Emily Ducich,Indore,Madhya Pradesh,India,OFF-ST-10004703,Office Supplies,Storage,"Tenex Folders, Single Width",? 46.50,2,? 9.30,Medium
IN-2012-24230,5/15/2012,EL-13735,Ed Ludwig,Mathura,Uttar Pradesh,India,OFF-PA-10002047,Office Supplies,Paper,"Green Bar Cards & Envelopes, 8.5 x 11",? 210.12,4,? 25.20,Medium
IN-2012-40918,6/21/2012,LH-17155,Logan Haushalter,Varanasi,Uttar Pradesh,India,OFF-EN-10002581,Office Supplies,Envelopes,"GlobeWeis Peel and Seal, Set of 50",? 149.73,7,? 40.32,High
IN-2013-18707,9/18/2013,JF-15190,Jamie Frazer,Indore,Madhya Pradesh,India,OFF-SU-10004872,Office Supplies,Supplies,"Elite Letter Opener, Easy Grip",? 57.84,2,? 15.00,Medium
IN-2011-47533,5/26/2011,BD-11770,Bryan Davis,Chennai,Tamil Nadu,India,OFF-SU-10001709,Office Supplies,Supplies,"Kleencut Scissors, High Speed",? 44.58,2,? 19.14,Low
IN-2014-23922,4/28/2014,JK-15730,Joe Kamberova,Ranchi,Jharkhand,India,OFF-PA-10003943,Office Supplies,Paper,"Green Bar Computer Printout Paper, Multicolor",? 62.34,2,? 13.68,High
IN-2011-77479,8/25/2011,CW-11905,Carl Weiss,Guntur,Andhra Pradesh,India,OFF-LA-10001191,Office Supplies,Labels,"Harbour Creations File Folder Labels, Alphabetical",? 34.20,4,? 12.60,High
IN-2012-62765,6/19/2012,RM-19750,Roland Murray,Srinagar,Jammu and Kashmir,India,OFF-FA-10003745,Office Supplies,Fasteners,"Accos Rubber Bands, Metal",? 33.60,2,? 10.74,High
IN-2014-55513,12/9/2014,CR-12580,Clay Rozendal,Kanpur,Uttar Pradesh,India,OFF-ST-10003810,Office Supplies,Storage,"Tenex Box, Single Width",? 115.71,7,? 40.32,Medium
IN-2012-52314,10/18/2012,TB-21055,Ted Butterfield,Srinagar,Uttarakhand,India,OFF-EN-10001528,Office Supplies,Envelopes,"Kraft Business Envelopes, Recycled",? 76.20,5,? 10.65,High
IN-2014-44012,9/25/2014,PS-19045,Penelope Sewall,Anantapur,Andhra Pradesh,India,OFF-BI-10003142,Office Supplies,Binders,"Acco Binder Covers, Clear",? 38.34,3,? 0.00,Critical
IN-2013-46252,5/1/2013,ZC-21910,Zuschuss Carroll,Tiruppur,Tamil Nadu,India,FUR-FU-10002459,Furniture,Furnishings,"Rubbermaid Door Stop, Duo Pack",? 87.72,2,? 10.50,Medium
IN-2014-34653,5/30/2014,NK-18490,Neil Knudson,Durg,Chhattisgarh,India,OFF-SU-10001731,Office Supplies,Supplies,"Acme Letter Opener, Serrated",? 80.73,3,? 30.60,Medium
IN-2014-14003,5/26/2014,GH-14425,Gary Hwang,Dewas,Madhya Pradesh,India,OFF-FA-10003745,Office Supplies,Fasteners,"Accos Rubber Bands, Metal",? 16.80,1,? 5.37,Critical
IN-2014-45188,10/17/2014,DR-12940,Daniel Raglin,Hubli,Karnataka,India,OFF-PA-10003407,Office Supplies,Paper,"Enermax Memo Slips, Recycled",? 46.71,3,? 19.53,High
IN-2013-58747,2/7/2013,LR-16915,Lena Radford,Gorakhpur,Haryana,India,OFF-EN-10001789,Office Supplies,Envelopes,"Kraft Peel and Seal, Set of 50",? 61.47,3,? 4.86,Medium
IN-2012-70619,7/31/2012,GM-14455,Gary Mitchum,Hyderabad,Telangana,India,FUR-CH-10004572,Furniture,Chairs,"Harbour Creations Bag Chairs, Red",? 61.62,1,? 23.40,Medium
IN-2013-59027,12/4/2013,SS-20875,Sung Shariari,Lucknow,Uttar Pradesh,India,FUR-CH-10004306,Furniture,Chairs,"SAFCO Bag Chairs, Red",? 148.32,3,? 32.58,Medium
IN-2012-13919,9/10/2012,CW-11905,Carl Weiss,Jalna,Maharashtra,India,OFF-AR-10000720,Office Supplies,Art,"Binney & Smith Markers, Fluorescent",? 50.70,2,? 10.14,Medium
IN-2014-45188,10/17/2014,DR-12940,Daniel Raglin,Hubli,Karnataka,India,OFF-FA-10002459,Office Supplies,Fasteners,"Advantus Clamps, Bulk Pack",? 96.45,5,? 38.55,High
IN-2012-34324,10/3/2012,RL-19615,Rob Lucas,Gorakhpur,Haryana,India,OFF-PA-10003550,Office Supplies,Paper,"Eaton Cards & Envelopes, Recycled",? 270.54,6,? 40.50,Medium
IN-2013-67014,11/8/2013,JL-15235,Janet Lee,Rajkot,Gujarat,India,OFF-SU-10003723,Office Supplies,Supplies,"Elite Shears, High Speed",? 141.03,3,? 28.17,Medium
IN-2014-29291,8/26/2014,HG-14845,Harry Greene,Jaipur,Rajasthan,India,OFF-ST-10003810,Office Supplies,Storage,"Tenex Box, Single Width",? 33.06,2,? 11.52,High
IN-2013-65950,8/23/2013,NP-18700,Nora Preis,Lucknow,Uttar Pradesh,India,OFF-FA-10003437,Office Supplies,Fasteners,"Accos Clamps, Bulk Pack",? 96.90,5,? 26.10,Medium
IN-2013-11518,12/31/2013,RR-19315,Ralph Ritter,Kozhikode,Kerala,India,OFF-PA-10003969,Office Supplies,Paper,"Green Bar Note Cards, 8.5 x 11",? 59.40,2,? 26.10,Medium
IN-2012-48240,5/25/2012,GP-14740,Guy Phonely,Delhi,Delhi,India,OFF-EN-10002556,Office Supplies,Envelopes,"Ames Business Envelopes, Recycled",? 68.16,4,? 29.28,Critical
IN-2012-38713,9/21/2012,SC-20770,Stewart Carmichael,Kamarhati,West Bengal,India,OFF-EN-10002757,Office Supplies,Envelopes,"Ames Interoffice Envelope, Security-Tint",? 95.04,2,? 13.26,Medium
ID-2012-46210,8/31/2012,CR-12730,Craig Reiter,Mumbai,Maharashtra,India,OFF-EN-10002700,Office Supplies,Envelopes,"Kraft Interoffice Envelope, with clear poly window",? 50.46,2,-? 15.18,High
IN-2013-71333,9/13/2013,JE-15610,Jim Epp,Amravati,Maharashtra,India,OFF-SU-10001762,Office Supplies,Supplies,"Stiletto Shears, Easy Grip",? 49.71,1,? 15.90,Critical
IN-2012-38713,9/21/2012,SC-20770,Stewart Carmichael,Kamarhati,West Bengal,India,TEC-AC-10004562,Technology,Accessories,"Enermax Flash Drive, Programmable",? 86.04,2,? 3.42,Medium
ID-2012-43963,11/5/2012,CC-12685,Craig Carroll,Mumbai,Maharashtra,India,OFF-EN-10001789,Office Supplies,Envelopes,"Kraft Peel and Seal, Set of 50",? 30.74,3,-? 25.88,High
IN-2013-19400,8/29/2013,DP-13390,Dennis Pardue,Kanpur,Uttar Pradesh,India,OFF-SU-10003665,Office Supplies,Supplies,"Kleencut Trimmer, Serrated",? 114.39,3,? 14.85,Medium
IN-2013-55170,11/28/2013,TC-20980,Tamara Chand,Chennai,Tamil Nadu,India,OFF-FA-10004739,Office Supplies,Fasteners,"Accos Rubber Bands, Bulk Pack",? 33.36,2,? 13.98,High
IN-2013-13387,10/24/2013,AG-10525,Andy Gerbode,Nellore,Andhra Pradesh,India,OFF-PA-10003686,Office Supplies,Paper,"SanDisk Message Books, Multicolor",? 75.69,3,? 2.25,High
IN-2014-36627,8/22/2014,JK-16090,Juliana Krohn,Ajmer,Rajasthan,India,OFF-SU-10000914,Office Supplies,Supplies,"Kleencut Scissors, Serrated",? 56.97,3,? 11.34,Medium
IN-2014-46777,1/25/2014,KD-16345,Katherine Ducich,Surat,Gujarat,India,OFF-BI-10002243,Office Supplies,Binders,"Wilson Jones 3-Hole Punch, Durable",? 88.47,3,? 37.98,Medium
IN-2014-55471,9/12/2014,GM-14695,Greg Maxwell,Fatehpur,Rajasthan,India,OFF-LA-10003973,Office Supplies,Labels,"Hon Removable Labels, Laser Printer Compatible",? 90.72,9,? 16.20,Medium
IN-2014-69527,10/31/2014,JG-15805,John Grady,Jodhpur,Rajasthan,India,FUR-CH-10002631,Furniture,Chairs,"Office Star Bag Chairs, Black",? 106.02,2,? 9.54,Medium
IN-2014-13051,11/12/2014,LF-17185,Luke Foster,Visakhapatnam,Andhra Pradesh,India,OFF-FA-10002015,Office Supplies,Fasteners,"Stockwell Push Pins, 12 Pack",? 96.60,7,? 12.39,High
IN-2014-13331,11/17/2014,BD-11560,Brendan Dodson,Nagercoil,Tamil Nadu,India,OFF-PA-10003303,Office Supplies,Paper,"Xerox Computer Printout Paper, Multicolor",? 55.50,2,? 25.50,Medium
IN-2014-72838,9/26/2014,RF-19840,Roy Franz?sisch,Cuttack,Odisha,India,OFF-BI-10003713,Office Supplies,Binders,"Wilson Jones Index Tab, Economy",? 32.25,5,? 11.85,High
ID-2014-67602,12/10/2014,AS-10240,Alan Shonely,Nagpur,Maharashtra,India,OFF-LA-10001658,Office Supplies,Labels,"Avery Round Labels, 5000 Label Set",? 45.18,6,? 5.76,Medium
IN-2011-18959,11/2/2011,CA-12775,Cynthia Arntzen,Satna,Madhya Pradesh,India,OFF-LA-10002674,Office Supplies,Labels,"Harbour Creations Color Coded Labels, 5000 Label Set",? 66.45,5,? 3.90,Medium
IN-2012-63500,8/29/2012,SM-20005,Sally Matthias,Rohtak,Haryana,India,OFF-BI-10003646,Office Supplies,Binders,"Avery Index Tab, Economy",? 39.15,5,? 8.55,Low
IN-2013-73412,1/25/2013,AM-10360,Alice McCarthy,Gaya,Bihar,India,FUR-CH-10001797,Furniture,Chairs,"Harbour Creations Bag Chairs, Adjustable",? 64.11,1,? 24.36,Medium
IN-2012-20597,11/14/2012,PK-19075,Pete Kriz,Jamnagar,Gujarat,India,FUR-FU-10003447,Furniture,Furnishings,"Eldon Light Bulb, Duo Pack",? 75.78,3,? 30.24,Medium
IN-2013-78809,1/22/2013,AG-10900,Arthur Gainer,Pune,Maharashtra,India,FUR-FU-10002459,Furniture,Furnishings,"Rubbermaid Door Stop, Duo Pack",? 43.86,1,? 5.25,High
IN-2013-29018,10/29/2013,JE-15715,Joe Elijah,Etawah,Uttar Pradesh,India,OFF-BI-10002287,Office Supplies,Binders,"Acco Index Tab, Clear",? 24.12,3,? 8.64,High
IN-2011-43599,6/2/2011,JG-15805,John Grady,Agra,Uttar Pradesh,India,TEC-AC-10004938,Technology,Accessories,"Belkin Mouse, Bluetooth",? 81.42,2,? 11.34,Medium
IN-2012-39651,11/19/2012,TS-21655,Trudy Schmidt,Bhatinda,Punjab,India,OFF-AR-10002109,Office Supplies,Art,"Binney & Smith Sketch Pad, Fluorescent",? 95.16,2,? 26.64,Medium
IN-2013-10027,3/4/2013,CS-12505,Cindy Stewart,Gorakhpur,Haryana,India,FUR-CH-10002209,Furniture,Chairs,"Novimex Chairmat, Red",? 56.34,1,? 15.75,Medium
IN-2013-22648,5/14/2013,SF-20065,Sandra Flanagan,Ratlam,Madhya Pradesh,India,OFF-ST-10001719,Office Supplies,Storage,"Tenex Trays, Industrial",? 109.38,2,? 3.24,Medium
IN-2012-55618,12/12/2012,MG-17695,Maureen Gnade,Belgaum,Karnataka,India,OFF-PA-10004268,Office Supplies,Paper,"SanDisk Note Cards, 8.5 x 11",? 237.84,8,? 16.56,Medium
IN-2013-54736,5/31/2013,SC-20020,Sam Craven,Patna,Bihar,India,OFF-PA-10000127,Office Supplies,Paper,"SanDisk Parchment Paper, Multicolor",? 54.36,3,? 20.07,Medium
IN-2014-14227,5/8/2014,AJ-10795,Anthony Johnson,Amritsar,Punjab,India,OFF-LA-10003141,Office Supplies,Labels,"Hon Shipping Labels, Laser Printer Compatible",? 34.11,3,? 17.01,High
IN-2013-77437,3/15/2013,SV-20815,Stuart Van,Nasik,Maharashtra,India,OFF-SU-10003834,Office Supplies,Supplies,"Stiletto Shears, High Speed",? 96.18,2,? 36.54,Medium
IN-2011-45041,5/6/2011,MM-17260,Magdelene Morse,Ichalkaranji,Maharashtra,India,OFF-BI-10002446,Office Supplies,Binders,"Wilson Jones Binder, Economy",? 78.12,6,? 14.76,Medium
ID-2014-17314,11/8/2014,AS-10090,Adam Shillingsburg,Mumbai,Maharashtra,India,OFF-SU-10001343,Office Supplies,Supplies,"Elite Scissors, High Speed",? 22.53,2,-? 17.13,Critical
IN-2011-74994,5/26/2011,AG-10495,Andrew Gjertsen,Ludhiana,Punjab,India,OFF-BI-10003265,Office Supplies,Binders,"Wilson Jones Binder, Clear",? 99.84,8,? 8.88,Medium
IN-2011-40155,11/14/2011,CL-12700,Craig Leslie,Kulti,West Bengal,India,OFF-FA-10000974,Office Supplies,Fasteners,"Stockwell Paper Clips, Bulk Pack",? 84.06,6,? 33.48,Medium
IN-2014-41954,11/23/2014,CG-12040,Catherine Glotzbach,Akola,Maharashtra,India,OFF-ST-10000485,Office Supplies,Storage,"Fellowes Folders, Single Width",? 79.29,3,? 18.18,Medium
ID-2011-45272,6/13/2011,TZ-21580,Tracy Zic,Mumbai,Maharashtra,India,OFF-PA-10000776,Office Supplies,Paper,"Xerox Cards & Envelopes, Premium",? 67.46,3,-? 4.10,Medium
IN-2014-69856,6/17/2014,AG-10900,Arthur Gainer,Lucknow,Uttar Pradesh,India,OFF-LA-10002139,Office Supplies,Labels,"Novimex Color Coded Labels, Alphabetical",? 61.20,5,? 10.95,Medium
IN-2014-45188,10/17/2014,DR-12940,Daniel Raglin,Hubli,Karnataka,India,OFF-ST-10000016,Office Supplies,Storage,"Eldon Folders, Blue",? 33.96,2,? 10.50,High
IN-2014-78991,11/27/2014,JF-15355,Jay Fein,Lucknow,Uttar Pradesh,India,OFF-BI-10003340,Office Supplies,Binders,"Acco Index Tab, Durable",? 26.82,3,? 6.12,High
IN-2011-62450,6/13/2011,AY-10555,Andy Yotov,Bareilly,Uttar Pradesh,India,OFF-AR-10000249,Office Supplies,Art,"Sanford Highlighters, Fluorescent",? 51.03,3,? 16.83,High
IN-2012-32343,8/29/2012,SC-20230,Scot Coram,Bhavnagar,Gujarat,India,FUR-FU-10001452,Furniture,Furnishings,"Rubbermaid Door Stop, Black",? 43.80,1,? 6.99,Medium
IN-2012-69765,4/7/2012,SV-20935,Susan Vittorini,Bhavnagar,Gujarat,India,OFF-ST-10003017,Office Supplies,Storage,"Tenex Box, Industrial",? 33.96,2,? 5.04,High
IN-2013-10811,9/17/2013,LR-16915,Lena Radford,Gorakhpur,Haryana,India,OFF-FA-10004684,Office Supplies,Fasteners,"Advantus Thumb Tacks, Metal",? 27.42,2,? 3.54,High
IN-2011-29781,10/3/2011,MC-18130,Mike Caudle,Bangalore,Karnataka,India,OFF-FA-10004527,Office Supplies,Fasteners,"Advantus Thumb Tacks, Bulk Pack",? 54.36,4,? 9.72,Medium
IN-2012-55485,5/3/2012,AR-10510,Andrew Roberts,Chennai,Tamil Nadu,India,OFF-EN-10001977,Office Supplies,Envelopes,"Cameo Business Envelopes, Recycled",? 78.75,5,? 17.25,Medium
IN-2013-48807,12/5/2013,KN-16390,Katherine Nockton,Durgapur,West Bengal,India,OFF-PA-10001818,Office Supplies,Paper,"Green Bar Note Cards, Multicolor",? 33.93,1,? 7.80,Medium
IN-2012-69765,4/7/2012,SV-20935,Susan Vittorini,Bhavnagar,Gujarat,India,TEC-AC-10002172,Technology,Accessories,"Memorex Keyboard, Programmable",? 72.84,1,? 10.17,High
IN-2014-10377,7/8/2014,BD-11725,Bruce Degenhardt,Chennai,Tamil Nadu,India,FUR-FU-10002659,Furniture,Furnishings,"Eldon Clock, Black",? 113.04,2,? 38.40,Medium
IN-2012-56857,10/8/2012,GB-14530,George Bell,Ambattur,Tamil Nadu,India,OFF-ST-10004837,Office Supplies,Storage,"Eldon File Cart, Single Width",? 127.92,1,? 7.65,Medium
IN-2014-63619,1/15/2014,CC-12610,Corey Catlett,Kanpur,Uttar Pradesh,India,OFF-LA-10000195,Office Supplies,Labels,"Novimex File Folder Labels, Laser Printer Compatible",? 33.00,4,? 0.24,High
IN-2013-78809,1/22/2013,AG-10900,Arthur Gainer,Pune,Maharashtra,India,OFF-AR-10000249,Office Supplies,Art,"Sanford Highlighters, Fluorescent",? 34.02,2,? 11.22,High
IN-2011-49241,10/6/2011,MT-18070,Michelle Tran,Delhi,Delhi,India,OFF-AR-10003023,Office Supplies,Art,"Stanley Highlighters, Water Color",? 53.64,3,? 11.25,Medium
IN-2012-50823,11/12/2012,LS-16975,Lindsay Shagiari,Kota,Rajasthan,India,OFF-FA-10002058,Office Supplies,Fasteners,"Stockwell Thumb Tacks, Assorted Sizes",? 63.54,6,? 13.32,Medium
IN-2014-69856,6/17/2014,AG-10900,Arthur Gainer,Lucknow,Uttar Pradesh,India,OFF-PA-10004187,Office Supplies,Paper,"Xerox Message Books, Multicolor",? 43.56,2,? 2.58,Medium
ID-2011-11392,9/5/2011,TB-21055,Ted Butterfield,Mumbai,Maharashtra,India,OFF-FA-10000697,Office Supplies,Fasteners,"Advantus Rubber Bands, 12 Pack",? 16.02,2,-? 11.58,Critical
ID-2013-11777,12/19/2013,PF-19165,Philip Fox,Mumbai,Maharashtra,India,OFF-AR-10001770,Office Supplies,Art,"Binney & Smith Markers, Water Color",? 40.91,3,-? 6.62,Medium
IN-2014-45426,4/7/2014,LD-17005,Lisa DeCherney,Kukatpalli,Telangana,India,OFF-FA-10000197,Office Supplies,Fasteners,"Stockwell Push Pins, Metal",? 43.47,3,? 18.63,Medium
IN-2011-62450,6/13/2011,AY-10555,Andy Yotov,Bareilly,Uttar Pradesh,India,OFF-FA-10002241,Office Supplies,Fasteners,"Stockwell Clamps, Bulk Pack",? 56.52,3,? 19.17,High
IN-2014-31622,4/21/2014,SS-20590,Sonia Sunley,Gorakhpur,Uttar Pradesh,India,OFF-SU-10000484,Office Supplies,Supplies,"Kleencut Ruler, High Speed",? 54.24,4,? 15.72,Medium
IN-2011-10552,1/24/2011,CC-12430,Chuck Clark,Jabalpur,Madhya Pradesh,India,OFF-LA-10004430,Office Supplies,Labels,"Avery Shipping Labels, Laser Printer Compatible",? 59.25,5,? 27.75,Medium
IN-2014-78368,10/24/2014,DW-13585,Dorothy Wardle,Surat,Gujarat,India,TEC-PH-10003946,Technology,Phones,"Cisco Office Telephone, VoIP",? 161.10,2,? 14.46,Medium
IN-2014-21143,9/25/2014,DC-12850,Dan Campbell,Kanpur,Uttar Pradesh,India,OFF-AR-10001266,Office Supplies,Art,"Boston Canvas, Blue",? 107.28,2,? 40.74,Medium
IN-2014-13051,11/12/2014,LF-17185,Luke Foster,Visakhapatnam,Andhra Pradesh,India,OFF-AR-10001226,Office Supplies,Art,"Boston Pencil Sharpener, Fluorescent",? 28.95,1,? 0.57,High
IN-2014-76114,8/8/2014,DB-13615,Doug Bickford,Agra,Uttar Pradesh,India,OFF-PA-10003744,Office Supplies,Paper,"Green Bar Parchment Paper, Multicolor",? 54.27,3,? 17.28,High
IN-2012-43291,11/27/2012,GB-14575,Giulietta Baptist,Bilaspur,Uttar Pradesh,India,OFF-FA-10004447,Office Supplies,Fasteners,"Advantus Rubber Bands, Metal",? 66.84,4,? 21.96,Medium
IN-2014-69205,8/13/2014,LC-16885,Lena Creighton,Guwahati,Assam,India,OFF-BI-10002594,Office Supplies,Binders,"Cardinal Binder Covers, Recycled",? 61.80,5,? 26.55,Medium
IN-2014-17244,1/22/2014,TM-21490,Tony Molinari,Durgapur,Maharashtra,India,OFF-EN-10002119,Office Supplies,Envelopes,"Ames Manila Envelope, Security-Tint",? 81.27,3,? 36.54,Medium
IN-2011-71634,6/1/2011,MC-17425,Mark Cousins,Jaipur,Rajasthan,India,OFF-EN-10002007,Office Supplies,Envelopes,"Kraft Clasp Envelope, with clear poly window",? 62.70,5,? 9.90,Medium
IN-2014-59650,11/3/2014,AW-10930,Arthur Wiediger,Guwahati,Assam,India,OFF-BI-10002853,Office Supplies,Binders,"Avery Binder Covers, Recycled",? 22.86,2,? 10.74,High
IN-2014-52818,12/13/2014,JF-15565,Jill Fjeld,Pune,Maharashtra,India,OFF-PA-10003938,Office Supplies,Paper,"Eaton Cards & Envelopes, Premium",? 90.36,2,? 19.86,Medium
IN-2011-60063,8/30/2011,TS-21610,Troy Staebel,Coimbatore,Tamil Nadu,India,OFF-BI-10003340,Office Supplies,Binders,"Acco Index Tab, Durable",? 26.82,3,? 6.12,High
IN-2014-75603,12/31/2014,BS-11365,Bill Shonely,Vijayawada,Andhra Pradesh,India,FUR-BO-10000670,Furniture,Bookcases,"Dania Corner Shelving, Metal",? 364.59,3,? 153.09,Medium
IN-2014-40764,3/27/2014,RB-19435,Richard Bierner,Korba,Chhattisgarh,India,FUR-CH-10000187,Furniture,Chairs,"Hon Chairmat, Red",? 111.06,2,? 27.72,Medium
IN-2013-55772,9/13/2013,TM-21010,Tamara Manning,Fatehpur,Rajasthan,India,OFF-EN-10000428,Office Supplies,Envelopes,"Cameo Clasp Envelope, with clear poly window",? 65.25,5,? 5.10,Medium
IN-2013-60049,7/30/2013,VT-21700,Valerie Takahito,Raipur,Chhattisgarh,India,OFF-LA-10000219,Office Supplies,Labels,"Harbour Creations File Folder Labels, Adjustable",? 46.41,7,? 3.99,Medium
IN-2014-33792,7/18/2014,HJ-14875,Heather Jas,Bhubaneswar,Odisha,India,FUR-FU-10004064,Furniture,Furnishings,"Rubbermaid Door Stop, Erganomic",? 42.42,1,? 19.92,Medium
IN-2014-14059,10/24/2014,SW-20350,Sean Wendt,Durg,Chhattisgarh,India,OFF-FA-10002481,Office Supplies,Fasteners,"OIC Rubber Bands, 12 Pack",? 66.00,4,? 1.92,Medium
IN-2012-52076,6/27/2012,ML-17395,Marina Lichtenstein,Bangalore,Karnataka,India,OFF-BI-10002627,Office Supplies,Binders,"Avery Binder Covers, Economy",? 55.35,5,? 22.65,Medium
IN-2012-46903,6/22/2012,JG-15310,Jason Gross,Bihar Sharif,Bihar,India,OFF-BI-10003806,Office Supplies,Binders,"Avery Index Tab, Clear",? 44.31,7,? 21.21,Medium
IN-2014-42808,11/6/2014,PB-18805,Patrick Bzostek,Jhansi,Uttar Pradesh,India,OFF-ST-10004382,Office Supplies,Storage,"Tenex Folders, Industrial",? 47.40,2,? 9.90,Medium
IN-2011-44901,2/23/2011,MG-18205,Mitch Gastineau,Thane,Maharashtra,India,OFF-EN-10000224,Office Supplies,Envelopes,"Cameo Clasp Envelope, Recycled",? 16.62,2,? 3.30,High
IN-2011-14983,10/10/2011,GH-14485,Gene Hale,Visakhapatnam,Andhra Pradesh,India,OFF-EN-10004173,Office Supplies,Envelopes,"Ames Peel and Seal, Recycled",? 87.45,5,? 19.20,Medium
IN-2014-70724,6/5/2014,CC-12370,Christopher Conant,Solapur,Maharashtra,India,OFF-BI-10004483,Office Supplies,Binders,"Ibico Index Tab, Clear",? 33.48,4,? 1.32,Medium
IN-2013-22760,6/14/2013,VT-21700,Valerie Takahito,Ajmer,Rajasthan,India,TEC-AC-10002795,Technology,Accessories,"Memorex Mouse, Programmable",? 59.34,2,? 14.22,Medium
IN-2011-13534,6/10/2011,MG-17875,Michael Grace,Durgapur,West Bengal,India,OFF-EN-10003455,Office Supplies,Envelopes,"Cameo Manila Envelope, Set of 50",? 54.00,2,? 18.36,Medium
IN-2011-29998,12/30/2011,GT-14755,Guy Thornton,Bilaspur,Uttar Pradesh,India,OFF-BI-10001967,Office Supplies,Binders,"Acco Binder, Recycled",? 46.53,3,? 1.80,Medium
IN-2014-75603,12/31/2014,BS-11365,Bill Shonely,Vijayawada,Andhra Pradesh,India,OFF-ST-10001824,Office Supplies,Storage,"Rogers Box, Single Width",? 72.00,3,? 4.32,Medium
IN-2013-76667,6/4/2013,LW-16990,Lindsay Williams,Surat,Gujarat,India,OFF-LA-10000271,Office Supplies,Labels,"Harbour Creations Shipping Labels, Alphabetical",? 45.12,4,? 21.12,Medium
IN-2013-60007,2/22/2013,HG-15025,Hunter Glantz,Allahabad,Uttar Pradesh,India,OFF-LA-10002493,Office Supplies,Labels,"Hon Color Coded Labels, Adjustable",? 32.13,3,? 3.78,Medium
ID-2012-46210,8/31/2012,CR-12730,Craig Reiter,Mumbai,Maharashtra,India,FUR-FU-10001130,Furniture,Furnishings,"Rubbermaid Stacking Tray, Erganomic",? 22.17,2,-? 10.23,High
IN-2014-17244,1/22/2014,TM-21490,Tony Molinari,Durgapur,Maharashtra,India,OFF-AR-10004009,Office Supplies,Art,"Boston Highlighters, Easy-Erase",? 57.42,3,? 11.43,Medium
IN-2014-45426,4/7/2014,LD-17005,Lisa DeCherney,Kukatpalli,Telangana,India,OFF-PA-10004185,Office Supplies,Paper,"SanDisk Message Books, Recycled",? 47.46,2,? 14.22,Medium
IN-2014-21143,9/25/2014,DC-12850,Dan Campbell,Kanpur,Uttar Pradesh,India,OFF-LA-10004614,Office Supplies,Labels,"Smead Round Labels, 5000 Label Set",? 43.74,6,? 11.34,Medium
IN-2011-60826,9/17/2011,KM-16660,Khloe Miller,Aurangabad,Bihar,India,OFF-FA-10000248,Office Supplies,Fasteners,"Stockwell Rubber Bands, Assorted Sizes",? 27.96,2,? 13.98,Critical
IN-2014-61414,1/16/2014,JJ-15445,Jennifer Jackson,Kolhapur,Maharashtra,India,OFF-LA-10000244,Office Supplies,Labels,"Hon Legal Exhibit Labels, Alphabetical",? 106.80,10,? 35.10,Medium
IN-2014-54197,3/31/2014,DB-13405,Denny Blanton,Jaipur,Rajasthan,India,FUR-FU-10000548,Furniture,Furnishings,"Tenex Stacking Tray, Durable",? 50.46,2,? 18.66,High
IN-2012-33218,3/2/2012,HP-14815,Harold Pawlan,Pune,Maharashtra,India,FUR-TA-10001359,Furniture,Tables,"Chromcraft Training Table, with Bottom Storage",? 851.67,3,? 76.59,Medium
IN-2011-47309,8/31/2011,PW-19240,Pierre Wener,Chennai,Tamil Nadu,India,OFF-LA-10002992,Office Supplies,Labels,"Novimex Removable Labels, 5000 Label Set",? 39.48,4,? 0.36,High
IN-2012-68358,6/7/2012,ML-18265,Muhammed Lee,Nellore,Andhra Pradesh,India,TEC-MA-10001711,Technology,Machines,"Konica Phone, White",? 84.60,1,? 20.28,High
ID-2011-29389,9/27/2011,AG-10900,Arthur Gainer,Mumbai,Maharashtra,India,OFF-AR-10000989,Office Supplies,Art,"Binney & Smith Canvas, Blue",? 51.36,2,-? 48.30,Medium
IN-2014-37320,11/11/2014,BF-11005,Barry Franz,Gorakhpur,Haryana,India,OFF-LA-10003381,Office Supplies,Labels,"Novimex Removable Labels, Laser Printer Compatible",? 29.07,3,? 14.49,High
IN-2013-61617,6/27/2013,AS-10285,Alejandro Savely,Kanpur,Uttar Pradesh,India,OFF-ST-10003121,Office Supplies,Storage,"Rogers Box, Industrial",? 48.90,2,? 6.84,Medium
IN-2012-26113,2/15/2012,DB-13210,Dean Braden,Srinagar,Jammu and Kashmir,India,OFF-PA-10003906,Office Supplies,Paper,"Eaton Memo Slips, Premium",? 41.22,3,? 18.54,Medium
IN-2013-35787,12/24/2013,KE-16420,Katrina Edelman,Jodhpur,Rajasthan,India,OFF-LA-10001292,Office Supplies,Labels,"Smead File Folder Labels, Adjustable",? 27.12,4,? 13.20,Medium
IN-2014-19967,8/12/2014,CC-12685,Craig Carroll,Visakhapatnam,Andhra Pradesh,India,OFF-ST-10000344,Office Supplies,Storage,"Fellowes Box, Industrial",? 100.80,5,? 27.15,Medium
IN-2012-32882,8/17/2012,TR-21325,Toby Ritter,Kanpur,Uttar Pradesh,India,OFF-FA-10003530,Office Supplies,Fasteners,"OIC Clamps, Bulk Pack",? 98.85,5,? 24.60,Medium
IN-2014-32770,10/7/2014,AP-10720,Anne Pryor,Jabalpur,Madhya Pradesh,India,FUR-FU-10003605,Furniture,Furnishings,"Eldon Light Bulb, Durable",? 66.69,3,? 29.97,High
IN-2013-19337,6/12/2013,BW-11200,Ben Wallace,Bokaro,Jharkhand,India,OFF-PA-10003303,Office Supplies,Paper,"Xerox Computer Printout Paper, Multicolor",? 55.50,2,? 25.50,Medium
IN-2013-49024,6/25/2013,PW-19030,Pauline Webber,Bellary,Karnataka,India,OFF-AR-10000539,Office Supplies,Art,"Boston Markers, Easy-Erase",? 53.28,2,? 3.72,Medium
IN-2013-64956,7/23/2013,RB-19435,Richard Bierner,Jaipur,Rajasthan,India,OFF-BI-10002682,Office Supplies,Binders,"Cardinal Binding Machine, Economy",? 99.54,2,? 33.84,Medium
IN-2014-53427,5/9/2014,LT-16765,Larry Tron,Imphal,Manipur,India,OFF-BI-10002907,Office Supplies,Binders,"Wilson Jones 3-Hole Punch, Economy",? 55.98,2,? 7.80,Low
IN-2013-72355,5/31/2013,ML-17755,Max Ludwig,Nagpur,Maharashtra,India,FUR-FU-10004730,Furniture,Furnishings,"Rubbermaid Light Bulb, Erganomic",? 17.46,1,? 0.51,Medium
IN-2014-44264,10/18/2014,SW-20755,Steven Ward,Bangalore,Karnataka,India,OFF-PA-10003511,Office Supplies,Paper,"Green Bar Memo Slips, 8.5 x 11",? 63.27,3,? 31.59,Medium
IN-2012-73930,2/7/2012,CD-12280,Christina DeMoss,Amritsar,Punjab,India,OFF-FA-10002156,Office Supplies,Fasteners,"Advantus Push Pins, Metal",? 72.75,5,? 8.70,Medium
IN-2013-27492,10/23/2013,BE-11335,Bill Eplett,Hubli,Karnataka,India,OFF-FA-10002241,Office Supplies,Fasteners,"Stockwell Clamps, Bulk Pack",? 94.20,5,? 31.95,Medium
IN-2014-54694,12/1/2014,HG-14845,Harry Greene,Rajkot,Gujarat,India,FUR-FU-10004704,Furniture,Furnishings,"Deflect-O Door Stop, Black",? 43.95,1,? 10.98,Medium
IN-2014-19673,3/21/2014,NH-18610,Nicole Hansen,Thiruvananthapuram,Kerala,India,OFF-LA-10004114,Office Supplies,Labels,"Avery File Folder Labels, Alphabetical",? 26.82,3,? 7.74,High
IN-2012-33218,3/2/2012,HP-14815,Harold Pawlan,Pune,Maharashtra,India,OFF-ST-10003088,Office Supplies,Storage,"Fellowes Box, Wire Frame",? 37.50,2,? 6.00,Medium
IN-2013-62443,8/19/2013,RF-19345,Randy Ferguson,Moradabad,Uttar Pradesh,India,OFF-AR-10002340,Office Supplies,Art,"Stanley Markers, Water Color",? 152.28,6,? 28.80,Medium
IN-2012-28528,10/1/2012,CA-12775,Cynthia Arntzen,Delhi,Delhi,India,OFF-PA-10004930,Office Supplies,Paper,"Xerox Note Cards, Recycled",? 131.40,5,? 55.05,Medium
IN-2013-79390,5/7/2013,SC-20695,Steve Chapman,Mysore,Karnataka,India,OFF-FA-10004447,Office Supplies,Fasteners,"Advantus Rubber Bands, Metal",? 83.55,5,? 27.45,Medium
IN-2013-72901,11/11/2013,LT-16765,Larry Tron,Bikaner,Rajasthan,India,OFF-FA-10002636,Office Supplies,Fasteners,"Accos Staples, 12 Pack",? 31.14,3,? 2.43,Medium
IN-2013-26029,12/20/2013,KH-16510,Keith Herrera,Ludhiana,Punjab,India,FUR-FU-10004464,Furniture,Furnishings,"Deflect-O Clock, Durable",? 142.02,3,? 2.79,Medium
IN-2014-39371,9/12/2014,NH-18610,Nicole Hansen,Akola,Maharashtra,India,OFF-AR-10003536,Office Supplies,Art,"Stanley Pencil Sharpener, Water Color",? 83.88,3,? 17.55,Medium
IN-2012-64424,8/2/2012,TH-21115,Thea Hudgings,Ulhasnagar,Maharashtra,India,OFF-AR-10001073,Office Supplies,Art,"Sanford Markers, Easy-Erase",? 47.04,2,? 17.40,Medium
IN-2014-61974,11/19/2014,TG-21640,Trudy Glocke,Hyderabad,Telangana,India,OFF-FA-10003437,Office Supplies,Fasteners,"Accos Clamps, Bulk Pack",? 38.76,2,? 10.44,High
IN-2014-65992,11/18/2014,Co-12640,Corey-Lock,Bangalore,Karnataka,India,OFF-LA-10001672,Office Supplies,Labels,"Avery Legal Exhibit Labels, Alphabetical",? 55.80,5,? 6.60,Medium
IN-2011-61176,11/23/2011,SC-20770,Stewart Carmichael,Kota,Chhattisgarh,India,OFF-EN-10000383,Office Supplies,Envelopes,"Ames Clasp Envelope, Recycled",? 30.00,5,? 6.30,High
IN-2013-62723,9/15/2013,SJ-20500,Shirley Jackson,Aurangabad,Maharashtra,India,OFF-BI-10004483,Office Supplies,Binders,"Ibico Index Tab, Clear",? 16.74,2,? 0.66,High
IN-2014-52272,10/17/2014,BD-11770,Bryan Davis,Bijapur,Karnataka,India,FUR-FU-10003214,Furniture,Furnishings,"Eldon Stacking Tray, Durable",? 85.59,3,? 23.04,Medium
IN-2012-36410,12/31/2012,HR-14770,Hallie Redmond,Chandigarh,Chandigarh,India,OFF-FA-10003779,Office Supplies,Fasteners,"Stockwell Paper Clips, Assorted Sizes",? 41.67,3,? 17.01,Medium
IN-2014-46777,1/25/2014,KD-16345,Katherine Ducich,Surat,Gujarat,India,OFF-AR-10003774,Office Supplies,Art,"Stanley Sketch Pad, Fluorescent",? 45.69,1,? 18.72,Medium
IN-2013-30257,7/30/2013,JR-16210,Justin Ritter,Srinagar,Jammu and Kashmir,India,OFF-PA-10002073,Office Supplies,Paper,"Green Bar Parchment Paper, 8.5 x 11",? 83.28,4,? 32.40,Medium
IN-2011-23712,12/14/2011,SC-20770,Stewart Carmichael,Bhiwandi,Maharashtra,India,OFF-BI-10004436,Office Supplies,Binders,"Acco Hole Reinforcements, Recycled",? 28.08,4,? 0.48,Medium
IN-2011-49241,10/6/2011,MT-18070,Michelle Tran,Delhi,Delhi,India,OFF-SU-10003789,Office Supplies,Supplies,"Fiskars Box Cutter, Steel",? 34.92,1,? 13.95,Medium
IN-2014-16579,6/24/2014,BS-11590,Brendan Sweed,Meerut,Uttar Pradesh,India,TEC-AC-10004566,Technology,Accessories,"Belkin Mouse, USB",? 40.92,1,? 13.89,Medium
IN-2012-46259,5/11/2012,RW-19630,Rob Williams,Delhi,Delhi,India,OFF-PA-10000344,Office Supplies,Paper,"SanDisk Memo Slips, 8.5 x 11",? 105.60,5,? 52.80,Medium
IN-2011-12890,6/21/2011,CT-11995,Carol Triggs,Bharatpur,Rajasthan,India,OFF-PA-10003654,Office Supplies,Paper,"SanDisk Memo Slips, Recycled",? 50.67,3,? 10.62,Medium
IN-2012-13919,9/10/2012,CW-11905,Carl Weiss,Jalna,Maharashtra,India,OFF-FA-10003833,Office Supplies,Fasteners,"OIC Thumb Tacks, Metal",? 56.76,4,? 3.96,Medium
IN-2011-57704,4/19/2011,BM-11785,Bryan Mills,Durgapur,Maharashtra,India,OFF-BI-10001659,Office Supplies,Binders,"Cardinal Index Tab, Clear",? 29.04,4,? 5.16,Medium
IN-2013-13583,5/9/2013,BF-11080,Bart Folk,Jamnagar,Gujarat,India,OFF-PA-10004380,Office Supplies,Paper,"SanDisk Memo Slips, Multicolor",? 36.78,2,? 4.38,Medium
IN-2014-61414,1/16/2014,JJ-15445,Jennifer Jackson,Kolhapur,Maharashtra,India,OFF-LA-10004738,Office Supplies,Labels,"Harbour Creations Legal Exhibit Labels, Alphabetical",? 32.31,3,? 12.60,Medium
IN-2012-43081,4/7/2012,JS-15685,Jim Sink,Delhi,Delhi,India,TEC-PH-10001699,Technology,Phones,"Samsung Smart Phone, Full Size",? 637.44,1,? 108.36,Medium
IN-2012-65397,11/29/2012,AT-10435,Alyssa Tate,Bellary,Karnataka,India,TEC-AC-10002455,Technology,Accessories,"Logitech Flash Drive, Programmable",? 32.01,1,? 10.23,High
IN-2012-10209,7/5/2012,MF-18250,Monica Federle,Allahabad,Uttar Pradesh,India,TEC-AC-10004652,Technology,Accessories,"Belkin Mouse, Erganomic",? 38.52,1,? 8.46,Medium
IN-2011-14983,10/10/2011,GH-14485,Gene Hale,Visakhapatnam,Andhra Pradesh,India,OFF-PA-10000127,Office Supplies,Paper,"SanDisk Parchment Paper, Multicolor",? 54.36,3,? 20.07,Medium
IN-2014-67959,5/16/2014,SJ-20215,Sarah Jordon,Udaipur,Tripura,India,OFF-PA-10003744,Office Supplies,Paper,"Green Bar Parchment Paper, Multicolor",? 36.18,2,? 11.52,Medium
IN-2013-63829,8/1/2013,DW-13480,Dianna Wilson,Ulhasnagar,Maharashtra,India,OFF-AR-10000054,Office Supplies,Art,"Sanford Pencil Sharpener, Water Color",? 52.20,2,? 18.78,Medium
IN-2014-33792,7/18/2014,HJ-14875,Heather Jas,Bhubaneswar,Odisha,India,OFF-FA-10003437,Office Supplies,Fasteners,"Accos Clamps, Bulk Pack",? 58.14,3,? 15.66,Medium
IN-2011-43599,6/2/2011,JG-15805,John Grady,Agra,Uttar Pradesh,India,OFF-ST-10003017,Office Supplies,Storage,"Tenex Box, Industrial",? 50.94,3,? 7.56,Medium
IN-2014-34128,4/15/2014,KN-16450,Kean Nguyen,Gorakhpur,Uttar Pradesh,India,OFF-AR-10004900,Office Supplies,Art,"Boston Canvas, Easy-Erase",? 53.91,1,? 10.23,Medium
IN-2011-70402,7/28/2011,BD-11500,Bradley Drucker,Pune,Maharashtra,India,OFF-PA-10003416,Office Supplies,Paper,"Green Bar Parchment Paper, Recycled",? 33.18,2,? 3.30,Medium
IN-2013-50753,6/18/2013,TS-21430,Tom Stivers,Vijayawada,Andhra Pradesh,India,FUR-FU-10000714,Furniture,Furnishings,"Tenex Light Bulb, Black",? 56.79,3,? 8.46,Medium
IN-2014-46343,9/23/2014,JW-15220,Jane Waco,Barddhaman,West Bengal,India,OFF-ST-10004325,Office Supplies,Storage,"Eldon Box, Single Width",? 51.45,5,? 20.55,Medium
IN-2014-27954,5/12/2014,YS-21880,Yana Sorensen,Hyderabad,Telangana,India,OFF-BI-10001399,Office Supplies,Binders,"Avery Binder Covers, Clear",? 31.59,3,? 5.31,Low
IN-2011-68904,9/26/2011,AH-10690,Anna H?berlin,Raipur,Uttarakhand,India,OFF-SU-10003717,Office Supplies,Supplies,"Stiletto Ruler, Serrated",? 46.32,4,? 3.24,Medium
IN-2012-65915,6/4/2012,CC-12145,Charles Crestani,Pimpri,Maharashtra,India,OFF-FA-10004910,Office Supplies,Fasteners,"Advantus Staples, Assorted Sizes",? 24.93,3,? 1.71,High
IN-2014-39826,6/24/2014,RS-19870,Roy Skaria,Jodhpur,Rajasthan,India,OFF-BI-10002243,Office Supplies,Binders,"Wilson Jones 3-Hole Punch, Durable",? 29.49,1,? 12.66,Medium
IN-2014-45426,4/7/2014,LD-17005,Lisa DeCherney,Kukatpalli,Telangana,India,OFF-LA-10002806,Office Supplies,Labels,"Novimex Shipping Labels, 5000 Label Set",? 34.11,3,? 16.65,Medium
IN-2011-59510,3/18/2011,DK-12985,Darren Koutras,Meerut,Uttar Pradesh,India,OFF-EN-10001975,Office Supplies,Envelopes,"Kraft Business Envelopes, Security-Tint",? 49.32,3,? 6.39,Medium
IN-2014-64753,12/16/2014,EB-13870,Emily Burns,Surat,Gujarat,India,OFF-AR-10000387,Office Supplies,Art,"Sanford Highlighters, Water Color",? 37.86,2,? 16.98,High
IN-2012-56857,10/8/2012,GB-14530,George Bell,Ambattur,Tamil Nadu,India,OFF-FA-10004523,Office Supplies,Fasteners,"OIC Thumb Tacks, Bulk Pack",? 42.21,3,? 11.34,Medium
IN-2012-67735,11/12/2012,MH-17455,Mark Hamilton,Bangalore,Karnataka,India,FUR-CH-10004913,Furniture,Chairs,"Office Star Rocking Chair, Red",? 422.73,3,? 46.44,Medium
IN-2011-78823,9/15/2011,ME-17725,Max Engle,Raipur,Rajasthan,India,OFF-FA-10004813,Office Supplies,Fasteners,"Stockwell Rubber Bands, Bulk Pack",? 49.59,3,? 12.33,Medium
IN-2014-35983,5/1/2014,SW-20275,Scott Williamson,Jamshedpur,Jharkhand,India,OFF-BI-10003646,Office Supplies,Binders,"Avery Index Tab, Economy",? 15.66,2,? 3.42,Critical
IN-2014-75603,12/31/2014,BS-11365,Bill Shonely,Vijayawada,Andhra Pradesh,India,OFF-FA-10000263,Office Supplies,Fasteners,"Stockwell Thumb Tacks, Bulk Pack",? 39.42,3,? 17.28,Medium
IN-2012-61918,12/28/2012,ON-18715,Odella Nelson,Bangalore,Karnataka,India,OFF-BI-10003588,Office Supplies,Binders,"Ibico Binder, Economy",? 30.96,2,? 7.74,Medium
IN-2011-44593,4/14/2011,LR-16915,Lena Radford,Pune,Maharashtra,India,OFF-AP-10000304,Office Supplies,Appliances,"Hoover Microwave, White","? 1,840.68",6,? 846.54,Medium
IN-2013-76835,8/12/2013,RA-19285,Ralph Arnett,Mangalore,Karnataka,India,OFF-PA-10000215,Office Supplies,Paper,"Eaton Parchment Paper, Premium",? 26.94,2,? 1.86,High
IN-2014-46777,1/25/2014,KD-16345,Katherine Ducich,Surat,Gujarat,India,OFF-BI-10001400,Office Supplies,Binders,"Cardinal 3-Hole Punch, Economy",? 28.80,1,? 4.32,Medium
IN-2014-19120,3/20/2014,AW-10840,Anthony Witt,Ganganagar,Rajasthan,India,OFF-SU-10004705,Office Supplies,Supplies,"Fiskars Ruler, Serrated",? 33.39,3,? 4.32,Medium
IN-2011-60917,2/11/2011,SP-20860,Sung Pak,Bangalore,Karnataka,India,OFF-BI-10001659,Office Supplies,Binders,"Cardinal Index Tab, Clear",? 21.78,3,? 3.87,High
IN-2013-73412,1/25/2013,AM-10360,Alice McCarthy,Gaya,Bihar,India,FUR-FU-10001477,Furniture,Furnishings,"Rubbermaid Stacking Tray, Black",? 126.00,5,? 27.60,Medium
IN-2013-15732,10/1/2013,RK-19300,Ralph Kennedy,Delhi,Delhi,India,OFF-LA-10002364,Office Supplies,Labels,"Smead Shipping Labels, Alphabetical",? 11.43,1,? 3.30,High
IN-2013-41240,9/22/2013,CC-12610,Corey Catlett,Vijayawada,Andhra Pradesh,India,OFF-PA-10000357,Office Supplies,Paper,"Eaton Memo Slips, Recycled",? 40.95,3,? 20.43,Medium
IN-2011-32371,11/22/2011,JW-15955,Joni Wasserman,Kollam,Kerala,India,OFF-LA-10004745,Office Supplies,Labels,"Harbour Creations Shipping Labels, Adjustable",? 9.36,1,? 4.56,Critical
IN-2013-77766,1/7/2013,DJ-13420,Denny Joy,Korba,Chhattisgarh,India,OFF-SU-10000178,Office Supplies,Supplies,"Acme Ruler, Easy Grip",? 54.99,3,? 4.32,Medium
IN-2011-17594,9/22/2011,DP-13165,David Philippe,Thane,Maharashtra,India,OFF-FA-10001526,Office Supplies,Fasteners,"Stockwell Rubber Bands, 12 Pack",? 31.92,2,? 10.20,High
IN-2012-59874,6/11/2012,BG-11695,Brooke Gillingham,Pune,Maharashtra,India,OFF-EN-10003601,Office Supplies,Envelopes,"GlobeWeis Clasp Envelope, Set of 50",? 29.70,3,? 0.00,Medium
IN-2014-65712,6/12/2014,JM-16195,Justin MacKendrick,Coimbatore,Tamil Nadu,India,OFF-EN-10000061,Office Supplies,Envelopes,"Jiffy Clasp Envelope, Security-Tint",? 21.84,2,? 4.32,High
IN-2013-79530,5/20/2013,AA-10645,Anna Andreadi,Chennai,Tamil Nadu,India,OFF-PA-10003455,Office Supplies,Paper,"Green Bar Memo Slips, Recycled",? 33.72,2,? 10.74,High
IN-2014-63374,6/30/2014,MH-18115,Mick Hernandez,Aligarh,Uttar Pradesh,India,OFF-BI-10001867,Office Supplies,Binders,"Acco Binder Covers, Recycled",? 27.36,2,? 8.70,High
IN-2014-14780,10/17/2014,CR-12820,Cyra Reiten,Patna,Bihar,India,OFF-BI-10002190,Office Supplies,Binders,"Wilson Jones Binder, Durable",? 58.08,4,? 16.80,High
IN-2014-48632,1/14/2014,EM-13810,Eleni McCrary,Bhubaneswar,Odisha,India,OFF-AR-10001922,Office Supplies,Art,"Sanford Pens, Blue",? 33.30,3,? 5.94,High
IN-2013-20107,4/18/2013,FG-14260,Frank Gastineau,Nagpur,Maharashtra,India,OFF-FA-10004171,Office Supplies,Fasteners,"Accos Paper Clips, Assorted Sizes",? 34.47,3,? 9.99,Medium
IN-2013-52230,8/9/2013,SC-20380,Shahid Collister,Chennai,Tamil Nadu,India,OFF-PA-10003020,Office Supplies,Paper,"Xerox Message Books, Premium",? 40.74,2,? 5.70,Medium
IN-2013-77766,1/7/2013,DJ-13420,Denny Joy,Korba,Chhattisgarh,India,OFF-LA-10000668,Office Supplies,Labels,"Smead Removable Labels, Adjustable",? 21.78,2,? 10.86,Medium
IN-2011-14941,12/22/2011,DA-13450,Dianna Arnett,Guwahati,Assam,India,OFF-AR-10001228,Office Supplies,Art,"Binney & Smith Pens, Easy-Erase",? 48.84,4,? 17.04,Medium
IN-2011-68904,9/26/2011,AH-10690,Anna H?berlin,Raipur,Uttarakhand,India,OFF-BI-10001326,Office Supplies,Binders,"Cardinal Binder, Recycled",? 42.57,3,? 10.62,Medium
IN-2013-41037,12/30/2013,SP-20545,Sibella Parks,Surat,Gujarat,India,OFF-BI-10001312,Office Supplies,Binders,"Cardinal 3-Hole Punch, Clear",? 56.52,2,? 23.70,Medium
IN-2014-39826,6/24/2014,RS-19870,Roy Skaria,Jodhpur,Rajasthan,India,OFF-LA-10002289,Office Supplies,Labels,"Hon Shipping Labels, Adjustable",? 27.81,3,? 2.43,Medium
IN-2012-43165,1/24/2012,MM-17260,Magdelene Morse,Puducherry,Puducherry,India,OFF-SU-10000970,Office Supplies,Supplies,"Elite Box Cutter, Easy Grip",? 73.02,2,? 9.48,Medium
IN-2013-28094,6/18/2013,AC-10615,Ann Chong,Ludhiana,Punjab,India,OFF-AR-10002260,Office Supplies,Art,"Boston Pens, Blue",? 28.44,2,? 0.00,Medium
IN-2014-55471,9/12/2014,GM-14695,Greg Maxwell,Fatehpur,Rajasthan,India,OFF-EN-10001882,Office Supplies,Envelopes,"Jiffy Manila Envelope, with clear poly window",? 59.10,2,? 28.92,Medium
IN-2011-61372,9/28/2011,TB-21400,Tom Boeckenhauer,Delhi,Delhi,India,OFF-FA-10001246,Office Supplies,Fasteners,"OIC Staples, Metal",? 34.38,3,? 16.47,Medium
IN-2013-78809,1/22/2013,AG-10900,Arthur Gainer,Pune,Maharashtra,India,OFF-FA-10000549,Office Supplies,Fasteners,"Advantus Staples, Metal",? 21.96,2,? 2.58,High
IN-2014-71928,3/4/2014,AC-10615,Ann Chong,Ajmer,Rajasthan,India,OFF-ST-10000268,Office Supplies,Storage,"Smead Box, Blue",? 75.39,7,? 21.00,Medium
IN-2012-66580,5/24/2012,JH-16180,Justin Hirsh,Kalyan,Maharashtra,India,OFF-BI-10003588,Office Supplies,Binders,"Ibico Binder, Economy",? 15.48,1,? 3.87,Critical
IN-2011-45993,10/14/2011,LR-17035,Lisa Ryan,Agra,Uttar Pradesh,India,OFF-LA-10004894,Office Supplies,Labels,"Hon Shipping Labels, Alphabetical",? 44.76,4,? 20.04,High
IN-2011-78823,9/15/2011,ME-17725,Max Engle,Raipur,Rajasthan,India,OFF-FA-10003218,Office Supplies,Fasteners,"Advantus Push Pins, Assorted Sizes",? 35.64,3,? 14.58,Medium
IN-2014-10377,7/8/2014,BD-11725,Bruce Degenhardt,Chennai,Tamil Nadu,India,OFF-SU-10002362,Office Supplies,Supplies,"Acme Ruler, Serrated",? 67.05,5,? 18.00,Medium
IN-2014-73762,10/13/2014,BF-11005,Barry Franz,Chandigarh,Chandigarh,India,OFF-LA-10002596,Office Supplies,Labels,"Harbour Creations Round Labels, Laser Printer Compatible",? 20.25,3,? 5.67,High
IN-2014-71256,5/1/2014,NM-18445,Nathan Mautz,Guwahati,Assam,India,OFF-FA-10001297,Office Supplies,Fasteners,"OIC Staples, 12 Pack",? 43.08,4,? 8.16,Medium
IN-2013-31825,12/7/2013,JK-15325,Jason Klamczynski,Bangalore,Karnataka,India,OFF-AR-10003446,Office Supplies,Art,"BIC Highlighters, Water Color",? 66.33,3,? 0.00,Medium
IN-2013-61127,12/21/2013,KB-16585,Ken Black,Puducherry,Puducherry,India,OFF-ST-10001694,Office Supplies,Storage,"Smead Folders, Blue",? 34.98,2,? 11.16,Medium
IN-2014-49675,3/1/2014,LB-16795,Laurel Beltran,Ratlam,Madhya Pradesh,India,OFF-BI-10001200,Office Supplies,Binders,"Avery Binder, Durable",? 28.80,2,? 1.98,Medium
IN-2013-79390,5/7/2013,SC-20695,Steve Chapman,Mysore,Karnataka,India,OFF-FA-10003838,Office Supplies,Fasteners,"Stockwell Rubber Bands, Assorted Sizes",? 67.95,5,? 12.15,Medium
IN-2012-27583,2/24/2012,DL-13330,Denise Leinenbach,Nagpur,Maharashtra,India,FUR-FU-10004464,Furniture,Furnishings,"Deflect-O Clock, Durable",? 94.68,2,? 1.86,Medium
IN-2014-75785,3/20/2014,KW-16570,Kelly Williams,Meerut,Uttar Pradesh,India,OFF-EN-10000224,Office Supplies,Envelopes,"Cameo Clasp Envelope, Recycled",? 41.55,5,? 8.25,Medium
IN-2014-55191,12/23/2014,AA-10315,Alex Avila,Chennai,Tamil Nadu,India,OFF-BI-10004700,Office Supplies,Binders,"Cardinal Binder, Durable",? 45.99,3,? 13.32,Medium
IN-2014-78116,6/12/2014,DL-12925,Daniel Lacy,Kota,Rajasthan,India,OFF-BI-10004700,Office Supplies,Binders,"Cardinal Binder, Durable",? 45.99,3,? 13.32,Medium
IN-2014-19981,4/2/2014,CA-12310,Christine Abelman,Meerut,Uttar Pradesh,India,OFF-FA-10004795,Office Supplies,Fasteners,"Advantus Paper Clips, Assorted Sizes",? 22.80,2,? 0.18,Medium
IN-2014-42808,11/6/2014,PB-18805,Patrick Bzostek,Jhansi,Uttar Pradesh,India,OFF-AR-10002392,Office Supplies,Art,"Binney & Smith Highlighters, Blue",? 33.18,2,? 1.98,Medium
IN-2011-40155,11/14/2011,CL-12700,Craig Leslie,Kulti,West Bengal,India,OFF-ST-10001214,Office Supplies,Storage,"Smead Box, Industrial",? 33.75,3,? 16.47,Medium
IN-2011-78823,9/15/2011,ME-17725,Max Engle,Raipur,Rajasthan,India,OFF-FA-10000577,Office Supplies,Fasteners,"Stockwell Push Pins, 12 Pack",? 26.82,2,? 13.38,Medium
IN-2013-78809,1/22/2013,AG-10900,Arthur Gainer,Pune,Maharashtra,India,OFF-LA-10004114,Office Supplies,Labels,"Avery File Folder Labels, Alphabetical",? 26.82,3,? 7.74,High
IN-2013-28297,5/24/2013,BO-11350,Bill Overfelt,Bangalore,Karnataka,India,OFF-PA-10004613,Office Supplies,Paper,"Green Bar Note Cards, Premium",? 417.06,14,? 45.78,Medium
IN-2011-24986,6/22/2011,GW-14605,Giulietta Weimer,Nagpur,Maharashtra,India,OFF-BI-10000871,Office Supplies,Binders,"Wilson Jones Binder Covers, Recycled",? 23.10,2,? 7.14,Medium
IN-2013-19337,6/12/2013,BW-11200,Ben Wallace,Bokaro,Jharkhand,India,OFF-ST-10003121,Office Supplies,Storage,"Rogers Box, Industrial",? 48.90,2,? 6.84,Medium
IN-2012-40148,11/23/2012,TB-21625,Trudy Brown,Korba,Chhattisgarh,India,FUR-CH-10001797,Furniture,Chairs,"Harbour Creations Bag Chairs, Adjustable",? 64.11,1,? 24.36,Medium
IN-2011-45489,5/31/2011,GH-14425,Gary Hwang,Amritsar,Punjab,India,OFF-FA-10004698,Office Supplies,Fasteners,"Stockwell Staples, Metal",? 31.59,3,? 0.90,Low
IN-2013-19176,6/11/2013,MS-17980,Michael Stewart,Hyderabad,Telangana,India,OFF-PA-10000030,Office Supplies,Paper,"Eaton Parchment Paper, Recycled",? 53.52,4,? 22.92,Medium
IN-2012-22900,8/14/2012,TS-21505,Tony Sayre,Solapur,Maharashtra,India,OFF-LA-10003132,Office Supplies,Labels,"Hon File Folder Labels, Adjustable",? 52.32,8,? 14.64,Medium
IN-2014-23488,11/29/2014,PS-18970,Paul Stevenson,Panihati,West Bengal,India,OFF-FA-10003186,Office Supplies,Fasteners,"Accos Push Pins, Bulk Pack",? 72.60,5,? 23.85,Medium
IN-2012-33708,1/17/2012,JS-15940,Joni Sundaresam,Ujjain,Madhya Pradesh,India,OFF-LA-10000668,Office Supplies,Labels,"Smead Removable Labels, Adjustable",? 21.78,2,? 10.86,Critical
ID-2014-52923,5/5/2014,BD-11635,Brian Derr,Mumbai,Maharashtra,India,OFF-LA-10001803,Office Supplies,Labels,"Avery Legal Exhibit Labels, Adjustable",? 36.96,8,-? 27.36,Medium
IN-2012-66342,5/30/2012,SG-20470,Sheri Gordon,Bhopal,Madhya Pradesh,India,TEC-AC-10000642,Technology,Accessories,"Logitech Flash Drive, Bluetooth",? 30.51,1,? 11.88,Critical
ID-2011-65152,11/28/2011,SC-20695,Steve Chapman,Mumbai,Maharashtra,India,OFF-AR-10001922,Office Supplies,Art,"Sanford Pens, Blue",? 22.20,4,-? 14.28,High
IN-2014-76016,9/26/2014,VG-21805,Vivek Grady,Thiruvananthapuram,Kerala,India,OFF-EN-10002427,Office Supplies,Envelopes,"Ames Manila Envelope, Recycled",? 23.49,1,? 1.62,Medium
IN-2011-78263,2/16/2011,BF-11215,Benjamin Farhat,Kanpur,Uttar Pradesh,India,OFF-LA-10003396,Office Supplies,Labels,"Avery Color Coded Labels, Laser Printer Compatible",? 39.87,3,? 8.73,Medium
IN-2011-38307,12/7/2011,SE-20110,Sanjit Engle,Latur,Maharashtra,India,OFF-BI-10000305,Office Supplies,Binders,"Wilson Jones Index Tab, Durable",? 15.90,2,? 2.82,High
IN-2014-40932,9/25/2014,TG-21640,Trudy Glocke,Bhiwandi,Maharashtra,India,OFF-EN-10001975,Office Supplies,Envelopes,"Kraft Business Envelopes, Security-Tint",? 32.88,2,? 4.26,High
IN-2012-29130,6/16/2012,JR-15700,Jocasta Rupert,Kollam,Kerala,India,TEC-AC-10002324,Technology,Accessories,"Enermax Numeric Keypad, Bluetooth",? 114.66,2,? 4.56,Medium
IN-2014-54967,9/9/2014,KW-16570,Kelly Williams,Chennai,Tamil Nadu,India,FUR-FU-10000918,Furniture,Furnishings,"Deflect-O Photo Frame, Duo Pack",? 51.96,1,? 17.64,Medium
IN-2014-65488,7/17/2014,CP-12340,Christine Phan,Aurangabad,Bihar,India,OFF-BI-10002335,Office Supplies,Binders,"Avery Binder Covers, Durable",? 25.14,2,? 0.48,Medium
IN-2014-30264,8/28/2014,ON-18715,Odella Nelson,Visakhapatnam,Andhra Pradesh,India,OFF-LA-10000195,Office Supplies,Labels,"Novimex File Folder Labels, Laser Printer Compatible",? 41.25,5,? 0.30,Medium
IN-2013-11721,4/22/2013,BG-11740,Bruce Geld,Delhi,Delhi,India,OFF-BI-10001096,Office Supplies,Binders,"Ibico Binder Covers, Durable",? 30.30,2,? 10.56,Medium
ID-2013-69464,2/11/2013,MZ-17515,Mary Zewe,Mumbai,Maharashtra,India,OFF-ST-10003445,Office Supplies,Storage,"Rogers Folders, Industrial",? 15.59,1,-? 14.66,High
IN-2014-23922,4/28/2014,JK-15730,Joe Kamberova,Ranchi,Jharkhand,India,OFF-LA-10000216,Office Supplies,Labels,"Novimex Round Labels, Alphabetical",? 18.27,3,? 2.70,High
IN-2014-65992,11/18/2014,Co-12640,Corey-Lock,Bangalore,Karnataka,India,OFF-FA-10001026,Office Supplies,Fasteners,"Stockwell Paper Clips, Assorted Sizes",? 67.50,5,? 6.75,Medium
IN-2013-65075,3/23/2013,GZ-14470,Gary Zandusky,Ludhiana,Punjab,India,TEC-AC-10003734,Technology,Accessories,"Memorex Numeric Keypad, Erganomic",? 93.42,2,? 42.96,Medium
IN-2013-76667,6/4/2013,LW-16990,Lindsay Williams,Surat,Gujarat,India,OFF-LA-10000635,Office Supplies,Labels,"Harbour Creations Shipping Labels, 5000 Label Set",? 23.70,2,? 9.48,Medium
IN-2014-46616,3/22/2014,VP-21730,Victor Preis,Faridabad,Haryana,India,OFF-FA-10003596,Office Supplies,Fasteners,"Stockwell Push Pins, Bulk Pack",? 28.74,2,? 8.28,High
IN-2014-52048,10/30/2014,HG-14965,Henry Goldwyn,Karnal,Haryana,India,OFF-SU-10002362,Office Supplies,Supplies,"Acme Ruler, Serrated",? 147.51,11,? 39.60,Medium
IN-2014-54694,12/1/2014,HG-14845,Harry Greene,Rajkot,Gujarat,India,OFF-BI-10001312,Office Supplies,Binders,"Cardinal 3-Hole Punch, Clear",? 56.52,2,? 23.70,Medium
IN-2014-32665,8/6/2014,SL-20155,Sara Luxemburg,Mumbai,Maharashtra,India,OFF-BI-10000854,Office Supplies,Binders,"Acco Binder Covers, Economy",? 19.98,3,-? 14.04,High
IN-2013-61617,6/27/2013,AS-10285,Alejandro Savely,Kanpur,Uttar Pradesh,India,OFF-LA-10002364,Office Supplies,Labels,"Smead Shipping Labels, Alphabetical",? 22.86,2,? 6.60,Medium
IN-2012-48548,5/11/2012,RB-19360,Raymond Buch,Bhopal,Madhya Pradesh,India,OFF-AR-10004153,Office Supplies,Art,"Binney & Smith Highlighters, Easy-Erase",? 16.86,1,? 7.92,High
IN-2013-55604,8/5/2013,AJ-10960,Astrea Jones,Ambattur,Tamil Nadu,India,OFF-SU-10002909,Office Supplies,Supplies,"Fiskars Ruler, Easy Grip",? 64.20,4,? 5.04,Medium
IN-2013-40134,5/28/2013,SM-20905,Susan MacKendrick,Aurangabad,Bihar,India,OFF-LA-10002107,Office Supplies,Labels,"Harbour Creations Removable Labels, Laser Printer Compatible",? 61.02,6,? 19.44,Medium
IN-2011-78823,9/15/2011,ME-17725,Max Engle,Raipur,Rajasthan,India,OFF-LA-10004114,Office Supplies,Labels,"Avery File Folder Labels, Alphabetical",? 53.64,6,? 15.48,Medium
IN-2013-46252,5/1/2013,ZC-21910,Zuschuss Carroll,Tiruppur,Tamil Nadu,India,OFF-BI-10001808,Office Supplies,Binders,"Ibico Index Tab, Clear",? 44.55,5,? 1.20,Medium
ID-2014-59489,8/12/2014,MC-17845,Michael Chen,Mumbai,Maharashtra,India,FUR-CH-10003419,Furniture,Chairs,"Hon Steel Folding Chair, Black",? 39.50,1,-? 28.46,Medium
IN-2012-40148,11/23/2012,TB-21625,Trudy Brown,Korba,Chhattisgarh,India,FUR-CH-10000110,Furniture,Chairs,"Hon Bag Chairs, Red",? 45.15,1,? 19.41,Medium
IN-2011-19953,7/29/2011,SC-20725,Steven Cartwright,Hyderabad,Telangana,India,OFF-EN-10002556,Office Supplies,Envelopes,"Ames Business Envelopes, Recycled",? 17.04,1,? 7.32,Medium
IN-2014-58173,5/2/2014,JK-16120,Julie Kriz,Kakinada,Andhra Pradesh,India,OFF-BI-10002684,Office Supplies,Binders,"Avery Hole Reinforcements, Clear",? 19.35,5,? 9.15,Medium
IN-2012-40638,10/19/2012,FH-14275,Frank Hawley,Durgapur,Maharashtra,India,OFF-AR-10004424,Office Supplies,Art,"Boston Markers, Blue",? 26.37,1,? 1.29,Medium
IN-2014-48163,11/5/2014,KA-16525,Kelly Andreada,Rajkot,Gujarat,India,OFF-PA-10000776,Office Supplies,Paper,"Xerox Cards & Envelopes, Premium",? 44.97,1,? 21.12,Medium
IN-2012-53490,10/29/2012,MH-17290,Marc Harrigan,Chennai,Tamil Nadu,India,OFF-LA-10004623,Office Supplies,Labels,"Smead Removable Labels, 5000 Label Set",? 21.00,2,? 9.00,Medium
IN-2014-34128,4/15/2014,KN-16450,Kean Nguyen,Gorakhpur,Uttar Pradesh,India,OFF-BI-10002907,Office Supplies,Binders,"Wilson Jones 3-Hole Punch, Economy",? 27.99,1,? 3.90,Medium
IN-2013-58873,8/6/2013,KH-16510,Keith Herrera,Patiala,Punjab,India,FUR-FU-10002659,Furniture,Furnishings,"Eldon Clock, Black",? 56.52,1,? 19.20,Medium
IN-2014-14458,1/24/2014,GT-14755,Guy Thornton,Brahmapur,Odisha,India,OFF-FA-10003745,Office Supplies,Fasteners,"Accos Rubber Bands, Metal",? 16.80,1,? 5.37,Low
IN-2013-28297,5/24/2013,BO-11350,Bill Overfelt,Bangalore,Karnataka,India,OFF-BI-10004483,Office Supplies,Binders,"Ibico Index Tab, Clear",? 33.48,4,? 1.32,Medium
IN-2013-34471,6/17/2013,FA-14230,Frank Atkinson,Chennai,Tamil Nadu,India,FUR-CH-10001895,Furniture,Chairs,"Hon Chairmat, Adjustable",? 58.02,1,? 29.01,Medium
IN-2014-14780,10/17/2014,CR-12820,Cyra Reiten,Patna,Bihar,India,TEC-PH-10003239,Technology,Phones,"Samsung Signal Booster, with Caller ID",? 136.59,1,? 57.36,High
IN-2012-13037,7/19/2012,AH-10075,Adam Hart,Faridabad,Haryana,India,OFF-PA-10001835,Office Supplies,Paper,"SanDisk Computer Printout Paper, 8.5 x 11",? 67.86,2,? 0.00,Medium
IN-2011-24769,9/5/2011,JM-15535,Jessica Myrick,Solapur,Maharashtra,India,OFF-BI-10004369,Office Supplies,Binders,"Ibico Hole Reinforcements, Recycled",? 29.40,4,? 10.56,Medium
IN-2012-43165,1/24/2012,MM-17260,Magdelene Morse,Puducherry,Puducherry,India,OFF-EN-10002007,Office Supplies,Envelopes,"Kraft Clasp Envelope, with clear poly window",? 25.08,2,? 3.96,Medium
IN-2012-43165,1/24/2012,MM-17260,Magdelene Morse,Puducherry,Puducherry,India,OFF-AR-10001329,Office Supplies,Art,"BIC Pens, Fluorescent",? 31.08,2,? 9.00,Medium
IN-2014-34863,3/18/2014,RW-19690,Robert Waldorf,Jammu,Jammu and Kashmir,India,OFF-ST-10000268,Office Supplies,Storage,"Smead Box, Blue",? 21.54,2,? 6.00,Medium
IN-2011-48009,12/17/2011,BD-11635,Brian Derr,Jaipur,Rajasthan,India,OFF-BI-10003367,Office Supplies,Binders,"Wilson Jones Binder, Recycled",? 40.14,3,? 17.64,Medium
IN-2013-12407,3/18/2013,MS-17710,Maurice Satty,Meerut,Uttar Pradesh,India,OFF-BI-10004140,Office Supplies,Binders,"Cardinal Index Tab, Clear",? 20.16,3,? 9.00,Medium
IN-2012-32343,8/29/2012,SC-20230,Scot Coram,Bhavnagar,Gujarat,India,OFF-ST-10004015,Office Supplies,Storage,"Smead Trays, Blue",? 48.48,1,? 23.73,Medium
IN-2013-55184,6/8/2013,RH-19555,Ritsa Hightower,Akola,Maharashtra,India,OFF-BI-10004140,Office Supplies,Binders,"Cardinal Index Tab, Clear",? 33.60,5,? 15.00,Low
IN-2011-43599,6/2/2011,JG-15805,John Grady,Agra,Uttar Pradesh,India,OFF-LA-10002107,Office Supplies,Labels,"Harbour Creations Removable Labels, Laser Printer Compatible",? 30.51,3,? 9.72,Medium
IN-2012-70619,7/31/2012,GM-14455,Gary Mitchum,Hyderabad,Telangana,India,OFF-AR-10000242,Office Supplies,Art,"BIC Pencil Sharpener, Blue",? 29.01,1,? 5.22,Medium
IN-2014-45426,4/7/2014,LD-17005,Lisa DeCherney,Kukatpalli,Telangana,India,TEC-CO-10000129,Technology,Copiers,"Brother Fax and Copier, Color",? 385.86,2,? 84.84,Medium
IN-2012-31867,8/1/2012,KD-16495,Keith Dawkins,Nasik,Maharashtra,India,OFF-FA-10004659,Office Supplies,Fasteners,"Stockwell Thumb Tacks, 12 Pack",? 25.92,2,? 8.28,Medium
IN-2012-44943,9/27/2012,BE-11410,Bobby Elias,Faridabad,Haryana,India,OFF-BI-10000854,Office Supplies,Binders,"Acco Binder Covers, Economy",? 13.32,1,? 1.98,High
IN-2014-12365,9/6/2014,BG-11035,Barry Gonzalez,Thane,Maharashtra,India,OFF-EN-10001975,Office Supplies,Envelopes,"Kraft Business Envelopes, Security-Tint",? 32.88,2,? 4.26,Medium
IN-2013-71193,11/9/2013,BT-11530,Bradley Talbott,Pune,Maharashtra,India,OFF-FA-10000353,Office Supplies,Fasteners,"Accos Staples, Metal",? 33.21,3,? 0.27,Medium
IN-2014-32665,8/6/2014,SL-20155,Sara Luxemburg,Mumbai,Maharashtra,India,OFF-BI-10003367,Office Supplies,Binders,"Wilson Jones Binder, Recycled",? 13.38,2,-? 1.62,High
IN-2012-74168,10/20/2012,JM-15535,Jessica Myrick,Thane,Maharashtra,India,OFF-LA-10003435,Office Supplies,Labels,"Harbour Creations File Folder Labels, Laser Printer Compatible",? 17.46,2,? 6.06,Medium
IN-2014-75911,4/17/2014,CG-12040,Catherine Glotzbach,Ujjain,Madhya Pradesh,India,OFF-ST-10002505,Office Supplies,Storage,"Tenex Box, Wire Frame",? 31.14,2,? 10.86,Medium
IN-2014-53707,5/29/2014,DJ-13630,Doug Jacobs,Guntur,Andhra Pradesh,India,OFF-LA-10003678,Office Supplies,Labels,"Hon Round Labels, 5000 Label Set",? 35.25,5,? 0.00,Medium
IN-2014-46203,8/5/2014,GZ-14470,Gary Zandusky,Ujjain,Madhya Pradesh,India,OFF-AR-10001329,Office Supplies,Art,"BIC Pens, Fluorescent",? 15.54,1,? 4.50,Medium
IN-2011-78284,8/29/2011,KC-16255,Karen Carlisle,Gwalior,Madhya Pradesh,India,OFF-BI-10001659,Office Supplies,Binders,"Cardinal Index Tab, Clear",? 21.78,3,? 3.87,High
IN-2013-52972,12/31/2013,BD-11620,Brian DeCherney,Malegaon,Maharashtra,India,OFF-BI-10001967,Office Supplies,Binders,"Acco Binder, Recycled",? 46.53,3,? 1.80,Medium
IN-2013-49857,10/7/2013,SF-20200,Sarah Foster,Kanpur,Uttar Pradesh,India,OFF-FA-10003604,Office Supplies,Fasteners,"Stockwell Paper Clips, Assorted Sizes",? 22.68,2,? 3.12,Medium
IN-2013-15277,11/11/2013,MR-17545,Mathew Reese,Jodhpur,Rajasthan,India,OFF-LA-10003132,Office Supplies,Labels,"Hon File Folder Labels, Adjustable",? 6.54,1,? 1.83,Critical
IN-2012-79103,1/2/2012,AR-10540,Andy Reiter,Jodhpur,Rajasthan,India,OFF-AR-10002036,Office Supplies,Art,"Binney & Smith Pencil Sharpener, Fluorescent",? 26.67,1,? 11.46,High
IN-2012-46903,6/22/2012,JG-15310,Jason Gross,Bihar Sharif,Bihar,India,OFF-SU-10004705,Office Supplies,Supplies,"Fiskars Ruler, Serrated",? 33.39,3,? 4.32,Medium
IN-2013-53763,12/27/2013,AR-10510,Andrew Roberts,Durg,Chhattisgarh,India,OFF-BI-10002386,Office Supplies,Binders,"Acco Index Tab, Clear",? 17.16,2,? 2.04,Medium
IN-2012-58817,8/26/2012,BO-11350,Bill Overfelt,Guwahati,Assam,India,OFF-EN-10004053,Office Supplies,Envelopes,"GlobeWeis Manila Envelope, with clear poly window",? 123.72,4,? 33.36,Medium
IN-2012-55282,11/2/2012,AS-10240,Alan Shonely,Aligarh,Uttar Pradesh,India,OFF-SU-10003537,Office Supplies,Supplies,"Kleencut Scissors, Steel",? 43.38,2,? 12.12,Medium
ID-2011-58726,7/20/2011,DL-12865,Dan Lawera,Mumbai,Maharashtra,India,OFF-LA-10003848,Office Supplies,Labels,"Avery File Folder Labels, 5000 Label Set",? 23.78,5,-? 21.53,Medium
IN-2014-21241,5/27/2014,RB-19465,Rick Bensley,Bhiwandi,Maharashtra,India,OFF-EN-10002425,Office Supplies,Envelopes,"Ames Peel and Seal, Set of 50",? 18.69,1,? 0.54,Medium
IN-2011-69450,9/24/2011,GP-14740,Guy Phonely,Varanasi,Uttar Pradesh,India,FUR-FU-10003540,Furniture,Furnishings,"Deflect-O Light Bulb, Erganomic",? 70.44,4,? 25.32,Medium
IN-2014-67959,5/16/2014,SJ-20215,Sarah Jordon,Udaipur,Tripura,India,OFF-PA-10002618,Office Supplies,Paper,"Eaton Memo Slips, Multicolor",? 45.45,3,? 14.04,Medium
IN-2012-22431,3/21/2012,AS-10285,Alejandro Savely,Jammu,Jammu and Kashmir,India,OFF-LA-10003273,Office Supplies,Labels,"Harbour Creations Color Coded Labels, Adjustable",? 10.80,1,? 0.63,Medium
IN-2014-52048,10/30/2014,HG-14965,Henry Goldwyn,Karnal,Haryana,India,OFF-SU-10003559,Office Supplies,Supplies,"Kleencut Ruler, Steel",? 38.88,3,? 8.10,Medium
IN-2014-31587,10/13/2014,DF-13135,David Flashing,Shahjahanpur,Uttar Pradesh,India,OFF-LA-10002272,Office Supplies,Labels,"Smead File Folder Labels, Alphabetical",? 17.40,2,? 1.38,High
IN-2012-32882,8/17/2012,TR-21325,Toby Ritter,Kanpur,Uttar Pradesh,India,OFF-LA-10003273,Office Supplies,Labels,"Harbour Creations Color Coded Labels, Adjustable",? 21.60,2,? 1.26,Medium
IN-2013-36081,11/18/2013,RA-19885,Ruben Ausman,Aurangabad,Bihar,India,OFF-FA-10001082,Office Supplies,Fasteners,"OIC Staples, Assorted Sizes",? 26.37,3,? 0.45,Medium
IN-2012-57844,12/28/2012,CS-12490,Cindy Schnelling,Panipat,Haryana,India,OFF-ST-10003528,Office Supplies,Storage,"Fellowes Folders, Wire Frame",? 76.41,3,? 2.97,Medium
IN-2011-43109,9/27/2011,WB-21850,William Brown,Amravati,Maharashtra,India,OFF-ST-10000351,Office Supplies,Storage,"Smead Shelving, Wire Frame",? 240.00,5,? 2.40,Medium
IN-2011-36879,9/2/2011,RB-19435,Richard Bierner,Mangalore,Karnataka,India,OFF-BI-10003166,Office Supplies,Binders,"Cardinal Hole Reinforcements, Durable",? 20.52,3,? 6.75,Medium
IN-2011-59510,3/18/2011,DK-12985,Darren Koutras,Meerut,Uttar Pradesh,India,OFF-LA-10002272,Office Supplies,Labels,"Smead File Folder Labels, Alphabetical",? 17.40,2,? 1.38,Medium
IN-2011-78263,2/16/2011,BF-11215,Benjamin Farhat,Kanpur,Uttar Pradesh,India,FUR-BO-10004230,Furniture,Bookcases,"Bush Corner Shelving, Metal",? 123.45,1,? 50.61,Medium
IN-2014-27954,5/12/2014,YS-21880,Yana Sorensen,Hyderabad,Telangana,India,OFF-ST-10001214,Office Supplies,Storage,"Smead Box, Industrial",? 22.50,2,? 10.98,Low
ID-2011-29389,9/27/2011,AG-10900,Arthur Gainer,Mumbai,Maharashtra,India,OFF-PA-10000944,Office Supplies,Paper,"Enermax Computer Printout Paper, 8.5 x 11",? 16.31,1,-? 8.81,Medium
IN-2013-19400,8/29/2013,DP-13390,Dennis Pardue,Kanpur,Uttar Pradesh,India,OFF-BI-10003475,Office Supplies,Binders,"Wilson Jones Index Tab, Recycled",? 20.43,3,? 9.36,Medium
IN-2013-32945,12/26/2013,PW-19030,Pauline Webber,Shimoga,Karnataka,India,OFF-PA-10000116,Office Supplies,Paper,"Xerox Parchment Paper, Premium",? 13.26,1,? 2.76,Medium
IN-2013-64452,7/8/2013,KH-16330,Katharine Harms,Darbhanga,Bihar,India,OFF-BI-10000305,Office Supplies,Binders,"Wilson Jones Index Tab, Durable",? 23.85,3,? 4.23,Medium
IN-2012-37957,3/10/2012,Dl-13600,Dorris liebe,Delhi,Delhi,India,OFF-FA-10000248,Office Supplies,Fasteners,"Stockwell Rubber Bands, Assorted Sizes",? 55.92,4,? 27.96,Medium
IN-2013-53819,11/25/2013,TB-21595,Troy Blackwell,Patna,Bihar,India,OFF-AR-10004148,Office Supplies,Art,"Sanford Pens, Easy-Erase",? 22.74,2,? 4.32,High
IN-2012-36410,12/31/2012,HR-14770,Hallie Redmond,Chandigarh,Chandigarh,India,OFF-FA-10001246,Office Supplies,Fasteners,"OIC Staples, Metal",? 22.92,2,? 10.98,Medium
IN-2012-10209,7/5/2012,MF-18250,Monica Federle,Allahabad,Uttar Pradesh,India,OFF-SU-10000932,Office Supplies,Supplies,"Elite Shears, Steel",? 46.41,1,? 1.83,Medium
IN-2014-63766,11/22/2014,MK-18160,Mike Kennedy,Mangalore,Karnataka,India,OFF-LA-10004745,Office Supplies,Labels,"Harbour Creations Shipping Labels, Adjustable",? 18.72,2,? 9.12,Medium
IN-2013-50753,6/18/2013,TS-21430,Tom Stivers,Vijayawada,Andhra Pradesh,India,OFF-LA-10000195,Office Supplies,Labels,"Novimex File Folder Labels, Laser Printer Compatible",? 33.00,4,? 0.24,Medium
IN-2012-35143,1/23/2012,RO-19780,Rose O'Brian,Kollam,Kerala,India,OFF-BI-10001096,Office Supplies,Binders,"Ibico Binder Covers, Durable",? 30.30,2,? 10.56,Medium
IN-2011-14941,12/22/2011,DA-13450,Dianna Arnett,Guwahati,Assam,India,FUR-FU-10002972,Furniture,Furnishings,"Advantus Light Bulb, Duo Pack",? 40.26,2,? 4.02,Medium
IN-2014-23236,10/3/2014,EH-14005,Erica Hernandez,Kozhikode,Kerala,India,OFF-LA-10002851,Office Supplies,Labels,"Hon Legal Exhibit Labels, 5000 Label Set",? 22.50,2,? 9.00,Medium
IN-2014-43872,1/29/2014,SR-20740,Steven Roelle,Lucknow,Uttar Pradesh,India,FUR-FU-10000556,Furniture,Furnishings,"Tenex Light Bulb, Durable",? 15.96,1,? 2.37,High
IN-2014-45188,10/17/2014,DR-12940,Daniel Raglin,Hubli,Karnataka,India,OFF-PA-10004648,Office Supplies,Paper,"Xerox Message Books, Recycled",? 40.56,2,? 2.82,High
IN-2011-39392,3/30/2011,GT-14755,Guy Thornton,Ajmer,Rajasthan,India,OFF-BI-10004369,Office Supplies,Binders,"Ibico Hole Reinforcements, Recycled",? 22.05,3,? 7.92,Medium
IN-2013-22179,5/23/2013,SP-20620,Stefania Perrino,Ludhiana,Punjab,India,OFF-EN-10000383,Office Supplies,Envelopes,"Ames Clasp Envelope, Recycled",? 6.00,1,? 1.26,Critical
IN-2014-13331,11/17/2014,BD-11560,Brendan Dodson,Nagercoil,Tamil Nadu,India,OFF-EN-10000219,Office Supplies,Envelopes,"Jiffy Clasp Envelope, Recycled",? 21.96,3,? 6.12,Medium
IN-2012-75904,5/10/2012,BW-11110,Bart Watters,Jhansi,Uttar Pradesh,India,OFF-LA-10002180,Office Supplies,Labels,"Hon Color Coded Labels, 5000 Label Set",? 39.60,3,? 12.60,High
IN-2013-22648,5/14/2013,SF-20065,Sandra Flanagan,Ratlam,Madhya Pradesh,India,OFF-FA-10003962,Office Supplies,Fasteners,"Accos Thumb Tacks, Assorted Sizes",? 11.13,1,? 0.75,Medium
IN-2013-28094,6/18/2013,AC-10615,Ann Chong,Ludhiana,Punjab,India,OFF-BI-10004483,Office Supplies,Binders,"Ibico Index Tab, Clear",? 16.74,2,? 0.66,Medium
IN-2014-16082,10/6/2014,SC-20305,Sean Christensen,Dhule,Maharashtra,India,OFF-EN-10001946,Office Supplies,Envelopes,"Kraft Mailers, Security-Tint",? 40.05,1,? 18.81,Medium
IN-2012-53490,10/29/2012,MH-17290,Marc Harrigan,Chennai,Tamil Nadu,India,OFF-SU-10002547,Office Supplies,Supplies,"Acme Ruler, Steel",? 64.44,4,? 7.08,Medium
IN-2013-49423,5/10/2013,DA-13450,Dianna Arnett,Thane,Maharashtra,India,OFF-BI-10002335,Office Supplies,Binders,"Avery Binder Covers, Durable",? 12.57,1,? 0.24,Medium
IN-2012-70731,6/19/2012,JW-16075,Julia West,Fatehpur,Rajasthan,India,OFF-BI-10004224,Office Supplies,Binders,"Avery Index Tab, Durable",? 20.07,3,? 3.78,Medium
IN-2012-78914,6/16/2012,AR-10570,Anemone Ratner,Bangalore,Karnataka,India,OFF-BI-10002684,Office Supplies,Binders,"Avery Hole Reinforcements, Clear",? 15.48,4,? 7.32,High
IN-2014-28675,4/17/2014,AF-10870,Art Ferguson,Saharanpur,Uttar Pradesh,India,OFF-LA-10003435,Office Supplies,Labels,"Harbour Creations File Folder Labels, Laser Printer Compatible",? 17.46,2,? 6.06,Medium
IN-2013-64865,6/27/2013,AS-10135,Adrian Shami,Nagercoil,Tamil Nadu,India,TEC-AC-10003668,Technology,Accessories,"Belkin Memory Card, Bluetooth",? 114.81,1,? 32.13,Medium
IN-2013-29683,5/10/2013,AS-10225,Alan Schoenberger,Hyderabad,Telangana,India,OFF-LA-10003379,Office Supplies,Labels,"Smead Color Coded Labels, Laser Printer Compatible",? 13.05,1,? 0.63,Medium
IN-2013-27492,10/23/2013,BE-11335,Bill Eplett,Hubli,Karnataka,India,OFF-BI-10003917,Office Supplies,Binders,"Avery Hole Reinforcements, Economy",? 13.23,3,? 3.96,Medium
IN-2011-76961,6/17/2011,RE-19450,Richard Eichhorn,Delhi,Delhi,India,OFF-BI-10000106,Office Supplies,Binders,"Cardinal Hole Reinforcements, Clear",? 19.20,4,? 6.48,Low
IN-2012-56857,10/8/2012,GB-14530,George Bell,Ambattur,Tamil Nadu,India,OFF-FA-10002360,Office Supplies,Fasteners,"Advantus Staples, Bulk Pack",? 32.58,3,? 11.07,Medium
IN-2014-45734,11/28/2014,MK-18160,Mike Kennedy,Saharanpur,Uttar Pradesh,India,OFF-BI-10003018,Office Supplies,Binders,"Avery Binder, Clear",? 37.08,3,? 17.73,Medium
IN-2014-18238,5/2/2014,KH-16690,Kristen Hastings,Bangalore,Karnataka,India,OFF-LA-10002939,Office Supplies,Labels,"Harbour Creations Legal Exhibit Labels, 5000 Label Set",? 22.68,2,? 4.98,Medium
IN-2013-67014,11/8/2013,JL-15235,Janet Lee,Rajkot,Gujarat,India,OFF-FA-10001596,Office Supplies,Fasteners,"Stockwell Clamps, 12 Pack",? 130.62,7,? 10.29,Medium
IN-2011-41254,6/22/2011,SC-20230,Scot Coram,Avadi,Tamil Nadu,India,OFF-SU-10000178,Office Supplies,Supplies,"Acme Ruler, Easy Grip",? 36.66,2,? 2.88,Medium
IN-2011-29928,11/28/2011,VM-21835,Vivian Mathis,Hyderabad,Telangana,India,OFF-BI-10002301,Office Supplies,Binders,"Cardinal Hole Reinforcements, Economy",? 16.02,3,? 5.58,Medium
IN-2011-73734,2/12/2011,MG-17890,Michael Granlund,Hyderabad,Telangana,India,OFF-BI-10004440,Office Supplies,Binders,"Cardinal Binder, Economy",? 13.83,1,? 3.30,Medium
IN-2013-26785,8/16/2013,RA-19885,Ruben Ausman,Vadodara,Gujarat,India,OFF-SU-10000970,Office Supplies,Supplies,"Elite Box Cutter, Easy Grip",? 73.02,2,? 9.48,High
IN-2013-68449,1/28/2013,PC-18745,Pamela Coakley,Mumbai,Maharashtra,India,OFF-EN-10002613,Office Supplies,Envelopes,"Ames Clasp Envelope, Security-Tint",? 9.60,2,-? 7.32,Medium
IN-2014-15872,10/1/2014,JL-15235,Janet Lee,Kalyan,Maharashtra,India,OFF-FA-10001272,Office Supplies,Fasteners,"OIC Thumb Tacks, Assorted Sizes",? 11.52,1,? 3.78,Medium
IN-2013-79306,11/1/2013,JF-15190,Jamie Frazer,Raipur,Chhattisgarh,India,OFF-BI-10003874,Office Supplies,Binders,"Avery Index Tab, Clear",? 11.58,2,? 2.04,Medium
IN-2013-22648,5/14/2013,SF-20065,Sandra Flanagan,Ratlam,Madhya Pradesh,India,OFF-ST-10000327,Office Supplies,Storage,"Smead Folders, Wire Frame",? 33.12,2,? 4.62,Medium
ID-2012-58201,6/19/2012,AW-10930,Arthur Wiediger,Mumbai,Maharashtra,India,OFF-AR-10004153,Office Supplies,Art,"Binney & Smith Highlighters, Easy-Erase",? 8.43,1,-? 0.51,Medium
IN-2014-21241,5/27/2014,RB-19465,Rick Bensley,Bhiwandi,Maharashtra,India,OFF-BI-10003713,Office Supplies,Binders,"Wilson Jones Index Tab, Economy",? 12.90,2,? 4.74,Medium
IN-2014-55513,12/9/2014,CR-12580,Clay Rozendal,Kanpur,Uttar Pradesh,India,OFF-EN-10000114,Office Supplies,Envelopes,"Kraft Clasp Envelope, Security-Tint",? 45.60,4,? 0.84,Medium
IN-2014-32084,8/6/2014,AF-10885,Art Foster,Salem,Tamil Nadu,India,OFF-AR-10002144,Office Supplies,Art,"Stanley Pens, Blue",? 30.15,3,? 13.50,High
IN-2013-49577,7/22/2013,SC-20020,Sam Craven,Delhi,Delhi,India,OFF-FA-10004795,Office Supplies,Fasteners,"Advantus Paper Clips, Assorted Sizes",? 34.20,3,? 0.27,Medium
IN-2012-39763,12/10/2012,MM-17260,Magdelene Morse,Sangli,Maharashtra,India,OFF-BI-10002684,Office Supplies,Binders,"Avery Hole Reinforcements, Clear",? 11.61,3,? 5.49,Medium
IN-2012-61918,12/28/2012,ON-18715,Odella Nelson,Bangalore,Karnataka,India,OFF-BI-10000518,Office Supplies,Binders,"Wilson Jones Index Tab, Clear",? 17.73,3,? 0.63,Medium
IN-2013-19337,6/12/2013,BW-11200,Ben Wallace,Bokaro,Jharkhand,India,OFF-PA-10000215,Office Supplies,Paper,"Eaton Parchment Paper, Premium",? 13.47,1,? 0.93,Medium
IN-2011-18959,11/2/2011,CA-12775,Cynthia Arntzen,Satna,Madhya Pradesh,India,FUR-FU-10003605,Furniture,Furnishings,"Eldon Light Bulb, Durable",? 22.23,1,? 9.99,Medium
ID-2012-59041,10/4/2012,CC-12370,Christopher Conant,Mumbai,Maharashtra,India,OFF-ST-10003528,Office Supplies,Storage,"Fellowes Folders, Wire Frame",? 12.74,1,-? 11.75,Medium
IN-2011-68904,9/26/2011,AH-10690,Anna H?berlin,Raipur,Uttarakhand,India,OFF-PA-10004943,Office Supplies,Paper,"Enermax Memo Slips, 8.5 x 11",? 39.60,2,? 16.98,Medium
IN-2012-32882,8/17/2012,TR-21325,Toby Ritter,Kanpur,Uttar Pradesh,India,OFF-FA-10002015,Office Supplies,Fasteners,"Stockwell Push Pins, 12 Pack",? 13.80,1,? 1.77,Medium
ID-2012-32623,11/15/2012,NP-18700,Nora Preis,Mumbai,Maharashtra,India,OFF-FA-10004795,Office Supplies,Fasteners,"Advantus Paper Clips, Assorted Sizes",? 22.80,4,-? 22.44,Medium
IN-2014-13051,11/12/2014,LF-17185,Luke Foster,Visakhapatnam,Andhra Pradesh,India,OFF-LA-10001731,Office Supplies,Labels,"Avery Removable Labels, Alphabetical",? 21.12,2,? 4.20,High
IN-2014-75911,4/17/2014,CG-12040,Catherine Glotzbach,Ujjain,Madhya Pradesh,India,OFF-PA-10003139,Office Supplies,Paper,"SanDisk Parchment Paper, Recycled",? 33.24,2,? 12.24,Medium
IN-2012-26113,2/15/2012,DB-13210,Dean Braden,Srinagar,Jammu and Kashmir,India,OFF-FA-10002156,Office Supplies,Fasteners,"Advantus Push Pins, Metal",? 43.65,3,? 5.22,Medium
IN-2014-39826,6/24/2014,RS-19870,Roy Skaria,Jodhpur,Rajasthan,India,OFF-FA-10000038,Office Supplies,Fasteners,"Stockwell Clamps, Assorted Sizes",? 33.36,2,? 15.00,Medium
IN-2011-29067,5/30/2011,ST-20530,Shui Tom,New Delhi,Delhi,India,OFF-BI-10000168,Office Supplies,Binders,"Cardinal Hole Reinforcements, Recycled",? 11.40,2,? 2.82,Medium
IN-2013-52230,8/9/2013,SC-20380,Shahid Collister,Chennai,Tamil Nadu,India,OFF-LA-10000707,Office Supplies,Labels,"Avery Removable Labels, Adjustable",? 17.28,2,? 0.48,Medium
IN-2014-15473,12/2/2014,TP-21130,Theone Pippenger,Mangalore,Karnataka,India,OFF-BI-10004436,Office Supplies,Binders,"Acco Hole Reinforcements, Recycled",? 14.04,2,? 0.24,Medium
IN-2014-46777,1/25/2014,KD-16345,Katherine Ducich,Surat,Gujarat,India,OFF-LA-10000624,Office Supplies,Labels,"Hon File Folder Labels, 5000 Label Set",? 9.03,1,? 3.33,Medium
IN-2012-36123,10/26/2012,PJ-19015,Pauline Johnson,Hyderabad,Telangana,India,OFF-BI-10003012,Office Supplies,Binders,"Wilson Jones Hole Reinforcements, Economy",? 9.06,2,? 3.84,Medium
IN-2013-44432,8/6/2013,DW-13195,David Wiener,Avadi,Tamil Nadu,India,OFF-ST-10000268,Office Supplies,Storage,"Smead Box, Blue",? 32.31,3,? 9.00,Medium
IN-2013-29683,5/10/2013,AS-10225,Alan Schoenberger,Hyderabad,Telangana,India,OFF-PA-10004380,Office Supplies,Paper,"SanDisk Memo Slips, Multicolor",? 18.39,1,? 2.19,Medium
IN-2014-46343,9/23/2014,JW-15220,Jane Waco,Barddhaman,West Bengal,India,OFF-LA-10003396,Office Supplies,Labels,"Avery Color Coded Labels, Laser Printer Compatible",? 66.45,5,? 14.55,Medium
IN-2014-41898,3/12/2014,DK-13090,Dave Kipp,Delhi,Delhi,India,OFF-SU-10002961,Office Supplies,Supplies,"Kleencut Ruler, Serrated",? 10.26,1,? 2.76,Medium
IN-2011-22368,8/11/2011,JM-15250,Janet Martin,Ranchi,Jharkhand,India,OFF-LA-10004114,Office Supplies,Labels,"Avery File Folder Labels, Alphabetical",? 8.94,1,? 2.58,Low
IN-2012-53420,4/12/2012,LW-16825,Laurel Workman,Nasik,Maharashtra,India,OFF-BI-10003012,Office Supplies,Binders,"Wilson Jones Hole Reinforcements, Economy",? 4.53,1,? 1.92,Critical
IN-2013-46091,7/1/2013,KH-16360,Katherine Hughes,Chennai,Tamil Nadu,India,OFF-BI-10000168,Office Supplies,Binders,"Cardinal Hole Reinforcements, Recycled",? 17.10,3,? 4.23,Medium
IN-2014-34128,4/15/2014,KN-16450,Kean Nguyen,Gorakhpur,Uttar Pradesh,India,OFF-FA-10003615,Office Supplies,Fasteners,"Stockwell Staples, Assorted Sizes",? 23.58,3,? 5.40,Medium
IN-2014-19463,9/9/2014,LW-16825,Laurel Workman,Mysore,Karnataka,India,OFF-FA-10001126,Office Supplies,Fasteners,"Accos Paper Clips, Metal",? 13.47,1,? 1.20,Medium
IN-2014-52818,12/13/2014,JF-15565,Jill Fjeld,Pune,Maharashtra,India,OFF-BI-10001867,Office Supplies,Binders,"Acco Binder Covers, Recycled",? 27.36,2,? 8.70,Medium
IN-2011-72411,10/4/2011,AB-10255,Alejandro Ballentine,Dewas,Madhya Pradesh,India,OFF-SU-10004575,Office Supplies,Supplies,"Fiskars Letter Opener, Steel",? 49.26,2,? 4.92,Medium
ID-2013-74882,1/12/2013,RH-19510,Rick Huthwaite,Mumbai,Maharashtra,India,OFF-LA-10003236,Office Supplies,Labels,"Hon Round Labels, Adjustable",? 4.56,2,-? 1.50,High
IN-2014-65992,11/18/2014,Co-12640,Corey-Lock,Bangalore,Karnataka,India,FUR-FU-10001351,Furniture,Furnishings,"Rubbermaid Photo Frame, Black",? 155.25,3,? 24.84,Medium
IN-2011-24769,9/5/2011,JM-15535,Jessica Myrick,Solapur,Maharashtra,India,OFF-LA-10000322,Office Supplies,Labels,"Smead Round Labels, Laser Printer Compatible",? 6.90,1,? 1.02,Medium
IN-2011-16831,12/6/2011,VM-21835,Vivian Mathis,Kota,Rajasthan,India,OFF-ST-10003274,Office Supplies,Storage,"Eldon Box, Wire Frame",? 9.33,1,? 2.04,Medium
IN-2012-64221,7/5/2012,AO-10810,Anthony O'Donnell,Ludhiana,Punjab,India,FUR-FU-10000921,Furniture,Furnishings,"Advantus Door Stop, Erganomic",? 130.95,3,? 11.70,Medium
IN-2011-12890,6/21/2011,CT-11995,Carol Triggs,Bharatpur,Rajasthan,India,OFF-LA-10001764,Office Supplies,Labels,"Avery Round Labels, Adjustable",? 10.08,2,? 0.48,Medium
IN-2011-12890,6/21/2011,CT-11995,Carol Triggs,Bharatpur,Rajasthan,India,OFF-ST-10003606,Office Supplies,Storage,"Smead Box, Single Width",? 21.60,2,? 5.40,Medium
IN-2014-39826,6/24/2014,RS-19870,Roy Skaria,Jodhpur,Rajasthan,India,OFF-BI-10003588,Office Supplies,Binders,"Ibico Binder, Economy",? 15.48,1,? 3.87,Medium
IN-2014-30264,8/28/2014,ON-18715,Odella Nelson,Visakhapatnam,Andhra Pradesh,India,OFF-BI-10000698,Office Supplies,Binders,"Wilson Jones Hole Reinforcements, Recycled",? 4.89,1,? 1.71,Medium
IN-2012-56647,8/23/2012,PH-18790,Patricia Hirasaki,Durgapur,West Bengal,India,OFF-LA-10002596,Office Supplies,Labels,"Harbour Creations Round Labels, Laser Printer Compatible",? 6.75,1,? 1.89,Medium
IN-2011-53770,8/26/2011,DS-13030,Darrin Sayre,Mangalore,Karnataka,India,OFF-LA-10002703,Office Supplies,Labels,"Novimex Removable Labels, Adjustable",? 10.26,1,? 3.99,Medium
IN-2014-50179,10/13/2014,JR-15700,Jocasta Rupert,Coimbatore,Tamil Nadu,India,OFF-BI-10002684,Office Supplies,Binders,"Avery Hole Reinforcements, Clear",? 7.74,2,? 3.66,Medium
IN-2012-22431,3/21/2012,AS-10285,Alejandro Savely,Jammu,Jammu and Kashmir,India,OFF-LA-10003778,Office Supplies,Labels,"Novimex File Folder Labels, Alphabetical",? 8.07,1,? 2.07,Medium
IN-2014-72838,9/26/2014,RF-19840,Roy Franzsisch,Cuttack,Odisha,India,OFF-BI-10002712,Office Supplies,Binders,"Acco Hole Reinforcements, Durable",? 8.16,1,? 1.95,High
IN-2012-48548,5/11/2012,RB-19360,Raymond Buch,Bhopal,Madhya Pradesh,India,OFF-BI-10004440,Office Supplies,Binders,"Cardinal Binder, Economy",? 27.66,2,? 6.60,High
IN-2013-58747,2/7/2013,LR-16915,Lena Radford,Gorakhpur,Haryana,India,OFF-BI-10001659,Office Supplies,Binders,"Cardinal Index Tab, Clear",? 36.30,5,? 6.45,Medium
IN-2013-11448,2/6/2013,TC-21295,Toby Carlisle,Hubli,Karnataka,India,OFF-EN-10000114,Office Supplies,Envelopes,"Kraft Clasp Envelope, Security-Tint",? 11.40,1,? 0.21,Medium
IN-2011-29998,12/30/2011,GT-14755,Guy Thornton,Bilaspur,Uttar Pradesh,India,OFF-FA-10004910,Office Supplies,Fasteners,"Advantus Staples, Assorted Sizes",? 8.31,1,? 0.57,Medium
IN-2011-36620,9/2/2011,SC-20770,Stewart Carmichael,Bhopal,Madhya Pradesh,India,OFF-LA-10000540,Office Supplies,Labels,"Harbour Creations Round Labels, Adjustable",? 9.30,2,? 2.46,Medium
IN-2014-47946,6/17/2014,JK-15625,Jim Karlsson,Bokaro,Jharkhand,India,OFF-FA-10004171,Office Supplies,Fasteners,"Accos Paper Clips, Assorted Sizes",? 11.49,1,? 3.33,Medium
IN-2014-24622,10/22/2014,MM-17920,Michael Moore,Bijapur,Karnataka,India,OFF-BI-10002885,Office Supplies,Binders,"Avery Hole Reinforcements, Recycled",? 9.54,2,? 4.44,Medium
IN-2014-13597,11/3/2014,AC-10450,Amy Cox,Chennai,Tamil Nadu,India,OFF-LA-10002088,Office Supplies,Labels,"Novimex Round Labels, Laser Printer Compatible",? 6.27,1,? 2.94,Medium
IN-2011-23712,12/14/2011,SC-20770,Stewart Carmichael,Bhiwandi,Maharashtra,India,OFF-AR-10004614,Office Supplies,Art,"Boston Pencil Sharpener, Water Color",? 58.44,2,? 19.26,Medium
IN-2014-72327,5/30/2014,KH-16330,Katharine Harms,Lucknow,Uttar Pradesh,India,OFF-PA-10000215,Office Supplies,Paper,"Eaton Parchment Paper, Premium",? 26.94,2,? 1.86,High
